1895 3322
927 144 990 192 36

189 272 315 313 duces
344 274 569 324 tyrannide
588 274 764 315 florente
783 273 996 314 interfecti
1014 274 1123 323 sunt,
1152 275 1195 329 et
1221 285 1329 324 quae
1356 272 1379 325 ξ
1400 273 1452 313 24
1478 270 1530 311 de
1548 269 1734 311 Eucrate

185 354 228 392 ct
254 350 455 392 Nicerato
485 354 631 392 orator
658 351 779 392 dixit.
826 363 955 403 quum
983 350 1114 403 igitur
1139 350 1218 391 hae
1244 349 1389 390 laudes
1409 347 1609 390 Eucratz‘s
1637 360 1733 389 cum

182 427 341 467 scelere
368 427 484 467 nulla
510 427 673 468 ratione
701 427 768 480 (cf.
795 427 894 469 diss.
934 440 1051 468 meae
1085 439 1177 478 cap.
1204 428 1224 468 I
1251 428 1275 480 ξ
1302 428 1328 466 7
1355 429 1399 467 et
1425 438 1516 477 cap.
1551 425 1592 465 11
1625 423 1732 476 init.)

186 504 387 557 coniungi
413 504 590 556 possint,
628 517 713 545 non
741 505 889 546 dubito
926 505 1088 555 dicere,
1122 518 1189 546 res
1223 505 1334 545 inter
1369 517 1413 544 se
1446 504 1731 556 repugnantes

183 595 322 633 neque
350 595 376 622 a
403 581 529 634 Lysia
555 595 693 633 neque
720 581 773 622 ab
802 581 977 634 aequale
1006 580 1326 622 commemorari
1353 594 1488 633 posse.

287 684 495 735 Deinceps
516 688 772 726 structuram
792 685 1093 726 sententiarum
1113 685 1323 736 examino3
1350 684 1478 726 verba
1505 697 1612 737 quae
1632 685 1730 725 sunt

184 759 472 814 ἡττημένων...
502 764 712 805 πείὲεσὲαι
740 761 1003 815 significant:
1035 762 1147 812 „dux
1173 762 1437 803 renuntiatus
1465 765 1508 803 et
1534 761 1729 813 (semper)

184 839 343 890 petitus
373 843 420 881 ut
445 840 658 891 particeps
687 839 808 880 fieret
834 839 1091 892 oligarchiae
1119 844 1245 892 (quae
1265 841 1369 893 erat)
1398 853 1468 880 eos
1497 840 1633 880 noluit
1666 852 1727 879 se-

185 917 295 969 qui.“
347 917 432 957 iam
459 930 558 958 vero
589 918 808 969 quaeritur
834 919 976 957 utrum
1004 917 1280 969 temporalem
1298 917 1548 958 sententiam
1569 919 1727 957 utrum-

186 1006 268 1047 que
295 993 570 1046 participium
599 992 811 1049 (ᾑρημένος
838 998 880 1036 et
898 994 1253 1048 παρακαλούμενος)
1282 1007 1334 1035 an
1354 995 1531 1035 alterum
1560 1005 1728 1033 conces·

184 1073 316 1111 sivam
344 1073 555 1123 exprimat
582 1077 629 1113 ut
656 1073 965 1113 coniunctionis
985 1086 1089 1113 voce
1117 1076 1294 1124 „quum“
1323 1076 1396 1113 aut
1424 1074 1728 1125 „quamquam“

184 1148 407 1200 interpreti
448 1148 650 1190 utendum
692 1149 758 1189 sit.
813 1151 940 1201 atque
978 1147 1096 1200 prior
1136 1148 1444 1202 interpretandi
1478 1149 1587 1189 ratio
1628 1146 1729 1188 ferri

183 1229 334 1277 potest,
377 1226 412 1265 si
446 1226 575 1266 verba
611 1239 718 1278 quae
753 1228 987 1277 sequuntur
1021 1227 1060 1267 ἐν
1094 1226 1260 1280 τοιούτῳ
1295 1229 1421 1279 καιρῷ
1454 1228 1617 1279 ληφθεὶς
1652 1224 1729 1278 (sic

184 1304 256 1344 lib.
284 1305 374 1357 ms.)
403 1317 499 1345 cum
526 1303 880 1356 praecedentibus
917 1304 1057 1346 verbis
1095 1306 1429 1359 coniunguntur,
1464 1305 1525 1347 ita
1551 1308 1599 1347 ut
1626 1305 1730 1346 haec

185 1382 260 1423 fiat
287 1383 515 1423 sententia:
553 1395 707 1435 „quum
728 1382 816 1422 dux
851 1383 1115 1424 renuntiatus
1145 1386 1254 1424 esset
1287 1397 1501 1436 quumque
1533 1383 1729 1424 admone·

184 1464 302 1500 retur
330 1463 377 1499 ut
402 1460 616 1511 particeps
646 1460 843 1501 evaderet
871 1461 1128 1513 oligarchiae
1156 1462 1279 1513 (quae
1298 1461 1418 1513 erat),
1444 1460 1582 1501 noluit
1609 1459 1729 1511 sequi

187 1550 270 1587 eOS‚
300 1550 558 1589 quamquam
586 1550 636 1578 eo
663 1541 859 1590 tempore
894 1540 1043 1590 captus
1072 1541 1147 1589 est,
1185 1550 1268 1590 quo
1305 1537 1477 1590 plurimi
1513 1537 1730 1579 hominum

188 1617 363 1654 utantur
378 1615 505 1655 rebus
521 1614 803 1663 commutatis,
818 1614 977 1665 populo
994 1614 1173 1654 fortunis
1188 1615 1232 1654 in
1248 1614 1434 1655 adversis
1450 1617 1731 1655 versante—.“

184 1704 321 1743 neque
350 1704 451 1732 vero
480 1690 655 1732 verbum
674 1692 852 1742 ληφὲείς,
882 1703 1008 1742 quam
1036 1689 1135 1731 libri
1153 1689 1377 1731 lectionem
1398 1690 1616 1732 Scheibius
1644 1703 1728 1731 ser-

184 1769 312 1819 vavit,
340 1772 483 1820 potest
508 1767 717 1821 intellegi;
752 1768 896 1820 itaque
930 1768 1140 1820 Kayserus
1177 1769 1408 1822 κληὲῐείς38)
1435 1771 1505 1810 vel
1529 1772 1728 1820 ᾑαρακλη-

184 1848 268 1894 θείς
296 1846 566 1888 scribendum
601 1846 825 1898 proposuit
862 1860 1040 1898 eumque
1081 1850 1249 1889 secutus
1285 1850 1349 1888 est
1384 1845 1729 1888 Westermannus

185 1937 315 1977 quum
357 1924 567 1964 orationes
603 1924 800 1977 Lysiacae
838 1924 983 1965 ederet
1016 1937 1051 1963 a.
1091 1926 1202 1966 1854.
1267 1925 1381 1976 quod
1422 1924 1458 1963 si
1492 1924 1730 1975 recipimus,

183 2002 289 2042 illud
327 2002 592 2042 enuntiatum
628 2001 858 2054 significat:
902 2014 1184 2053 „quamquam
1218 2015 1267 2043 eo
1302 2005 1493 2053 tempore
1527 2001 1730 2041 invitatus

185 2081 289 2130 erat,
330 2092 414 2131 quo
452 2079 626 2131 plurimi
655 2082 729 2108 —“
767 2083 809 2119 et
846 2092 953 2131 quae
993 2083 1240 2131 sequuntur.
1303 2079 1522 2120 Scheibius
1560 2078 1731 2130 quidem

187 2158 294 2197 illud
323 2157 383 2197 ita
410 2156 568 2198 refutat
596 2160 643 2197 ut
670 2157 858 2210 dicat39)
896 2158 1036 2210 „quod
1064 2171 1089 2198 a
1114 2157 1236 2199 XXX
1269 2158 1370 2199 viris
1399 2157 1452 2198 ad
1482 2156 1730 2198 dominatio-

186 2235 253 2276 nis
283 2236 528 2276 societatem
560 2236 762 2276 invitatus
783 2238 892 2276 esset
919 2235 999 2276 hoc
1019 2234 1177 2277 afflicto
1205 2239 1395 2288 tempore
1414 2236 1620 2277 Eucrates
1647 2247 1733 2275 non

186 2314 336 2354 fuisset
365 2314 626 2355 constantiae
653 2314 832 2366 signum,
861 2315 934 2355 sed
960 2315 1103 2366 potius
1131 2315 1176 2354 id
1205 2314 1319 2367 quod
1346 2314 1588 2367 repudiavit
1613 2314 1733 2354 illum

185 2392 403 2432 honorem.
458 2404 541 2443 qua
576 2404 622 2432 re
657 2399 731 2432 aut
766 2391 881 2432 aliud
910 2391 1012 2444 quid
1040 2392 1084 2432 in
1119 2395 1321 2443 corrupto
1356 2391 1563 2433 vocabulo
1600 2392 1733 2432 latere

191 2473 264 2509 aut
292 2469 398 2509 illud
434 2470 488 2510 ab
523 2469 722 2521 imperito
758 2470 989 2522 interprete
1024 2470 1117 2522 (pro
1154 2468 1338 2523 αἱρεθείς)
1376 2469 1607 2521 ascriptum
1643 2482 1734 2509 esse

187 2548 557 2588 existimaverim.“
625 2548 820 2599 equidem
855 2548 1038 2589 dixerim
1081 2549 1195 2600 quod
1237 2560 1491 2601 quamquam
1532 2547 1734 2587 invitatus

189 2629 252 2665 est
279 2625 333 2665 ad
363 2624 664 2666 dominationis
685 2626 940 2677 societatem,
960 2629 1100 2666 tamen
1119 2625 1269 2665 maluit
1295 2625 1469 2665 interire
1490 2636 1615 2676 quam
1643 2637 1733 2663 rem

186 2703 403 2755 publicam
432 2717 619 2745 eversam
647 2704 802 2755 videre,
830 2704 1092 2746 constantiae
1120 2717 1220 2745 esse.
1263 2716 1399 2756 neque
1426 2703 1602 2744 verbum
1629 2699 1733 2755 αἶρε-

294 2888 354 2939 3’3)
381 2887 497 2926 Diar.
534 2886 686 2927 erudit.
727 2886 891 2927 Monac.
930 2900 966 2927 a.
1004 2886 1116 2928 1848.
1153 2899 1193 2939 p.
1228 2886 1317 2927 414.
1348 2908 1396 2915 —
1427 2885 1487 2936 ³⁹)
1516 2882 1647 2935 praef.
1682 2882 1735 2923 ed

183 2951 286 2979 suae
313 2953 356 2991 p.
386 2939 576 2979 XLXIII.
