1895 3322
932 154 961 201 6

173 296 293 323 verse
329 282 518 336 fugiens,
557 282 657 322 dum
691 283 849 323 imitari
878 282 1043 335 Lysiam
1077 283 1185 332 vult,
1220 283 1346 323 saltat
1371 281 1560 322 incidens
1589 282 1719 334 parti·

176 361 303 402 culas.
361 364 404 402 et
441 360 587 402 Cicero
618 374 748 413 quum
780 361 887 401 illud
922 374 1054 413 genus
1083 360 1251 401 dicendi
1286 361 1475 401 Atticum
1511 373 1595 401 non
1622 374 1719 412 pro-

177 439 321 489 baret,
353 442 496 480 tamen
530 439 700 491 Lysiam
734 439 877 492 magni
920 440 1167 479 aestimavit.
1230 439 1334 491 „fuit
1370 439 1515 491 Lysias
1552 440 1720 491 egregie

176 515 342 555 subtilis
387 515 572 566 scriptor
611 518 738 573 atque
774 514 966 567 elegans,
1002 515 1143 566 inquit
1178 514 1323 554 Cicero
1360 517 1403 554 in
1438 516 1571 557 Bruto
1607 517 1629 570 §
1660 519 1720 567 35,

182 605 305 643 quem
333 592 416 631 iam
444 592 579 643 probe
608 592 762 631 audeas
791 594 1004 632 oratorem
1029 591 1265 643 perfectum
1294 592 1470 633 dicere“.
1523 593 1719 645 idemque

174 669 219 708 in
256 672 424 709 oratore
458 669 482 722 ξ
519 671 588 709 29:
631 669 771 719 „dicat
805 670 946 710 Attice
983 671 1301 710 venustissimus
1337 671 1407 711 ille
1450 671 1631 723 scriptor
1672 684 1719 711 ac

176 746 453 798 politissimus
482 746 629 798 Lysias
658 770 708 777 —-
737 747 829 798 quis
859 747 970 787 enim
998 747 1041 786 id
1070 748 1205 799 possit
1239 749 1425 802 negare‘?
1456 772 1504 779 —
1533 749 1632 788 dum
1660 749 1721 788 in-

179 825 428 878 tellegamus
457 824 539 864 hoc
569 837 659 864 esse
685 824 878 864 Atticum
905 825 948 864 in
976 825 1114 876 Lysia,
1151 839 1236 865 non
1266 826 1380 877 quod
1413 828 1550 866 tenuis
1579 827 1634 867 sit
1661 830 1721 866 at-

179 915 260 954 que
295 902 535 952 inornatus,
571 901 646 941 sed
681 901 796 953 quod
830 901 937 941 nihil
979 902 1132 942 habeat
1167 903 1351 944 insolens
1386 908 1459 944 aut
1494 906 1722 957 ineptum.“

177 972 337 1020 ib’idem
378 980 400 1032 ξ
438 980 514 1019 226
547 979 717 1030 Lysiam
752 979 930 1019 alterum
965 992 1098 1029 paene
1134 981 1458 1021 Demosthenem
1495 983 1614 1022 dixit.
1677 986 1724 1022 ut

175 1058 261 1098 iam
296 1070 425 1110 supra
462 1057 807 1107 commemoravi,
848 1057 971 1097 multi
1011 1057 1092 1096 illis
1130 1060 1393 1110 temporibus
1441 1059 1592 1112 Lysiae
1632 1073 1721 1100 ora-

178 1137 316 1177 tiones
352 1137 550 1189 legerunt
587 1135 760 1186 eiusque
796 1147 928 1187 genus
968 1135 1135 1176 dicendi
1172 1136 1346 1191 dignum
1376 1151 1464 1177 esse
1493 1137 1607 1189 quod
1634 1137 1723 1176 imi-

178 1218 372 1254 tarentur
398 1215 712 1254 intellexerunt.
768 1227 948 1264 quorum
970 1216 1328 1254 commemorandi
1355 1216 1552 1256 videntur
1579 1217 1722 1266 impri-

179 1293 259 1331 mis
294 1292 521 1343 Dionysius
558 1293 902 1332 Halicarnasseus
939 1294 980 1330 et
1018 1291 1221 1331 Caecilius
1251 1292 1508 1342 Calactinus,
1547 1306 1724 1344 quorum

180 1372 359 1420 uterque
403 1369 455 1409 de
502 1368 628 1420 Lysia
665 1367 796 1407 libros
847 1366 1017 1417 scripsit
1062 1380 1241 1419 eumque
1286 1368 1536 1420 laudavit.¹)
1597 1372 1724 1420 atque

174 1446 246 1485 ille
275 1446 447 1497 quidem
475 1445 531 1496 (p.
556 1446 628 1484 188
649 1445 712 1484 ed.
734 1444 817 1495 R.):
848 1446 938 1493 „ml
967 1443 1018 1484 τὰ
1045 1444 1113 1495 μὲν
1142 1447 1229 1495 περὶ
1258 1444 1325 1495 τὴν
1357 1442 1558 1496 ἑρμηνείαν
1596 1444 1725 1497 dyas&

179 1526 246 1566 τοῦ
268 1512 428 1576 ῥήτορος
447 1526 570 1567 ταῦτα
584 1522 627 1565 τὸ
643 1522 812 1575 καὲαρὸν
833 1523 905 1565 τῶν
928 1520 1136 1575 ὀνομάτων,
1157 1521 1182 1574 ἦ
1212 1520 1388 1577 ἀκριβεία
1414 1526 1484 1576 τῆς
1506 1525 1723 1574 διαλέκτου,

178 1603 223 1645 τὸ
253 1603 319 1645 διὰ
338 1606 411 1645 τῶν
438 1606 592 1655 κυρίων,
622 1602 761 1655 καὶμὴ
790 1603 981 1654 τροπικῶν
997 1604 1246 1644 κατασκευῶν
1268 1604 1453 1655 ἐκφέρειν·
1475 1602 1523 1644 τὰ
1550 1603 1725 1655 νοήματα

179 1681 205 1733 ἦ
235 1680 487 1734 σαφήνεια,ἧ
517 1683 723 1733 συντομία,
751 1680 794 1722 τὸ
824 1682 1051 1732 συστρέφειν
1078 1696 1121 1721 τε
1149 1682 1215 1721 καὶ
1242 1683 1520 1732 στρογγυλίζειν
1555 1680 1604 1722 τὰ
1637 1681 1723 1733 νοή-

180 1776 366 1812 ματα....
396 1758 422 1811 ἦ
452 1759 664 1811 πιθανότης
691 1760 757 1799 καὶ
784 1756 809 1810 ἦ
838 1758 950 1811 χάρις
978 1760 1043 1799 καὶ
1075 1756 1093 1799 ὃ
1122 1756 1249 1799 πάντα
1277 1762 1426 1810 μετρῶν
1455 1758 1631 1810 καιρός.“

289 1863 403 1913 Quae
441 1876 570 1914 quum
608 1863 868 1913 respicerent
902 1862 1050 1901 horum
1088 1864 1327 1912 temporum
1362 1862 1441 1901 viri
1470 1862 1585 1917 docti
1614 1875 1724 1902 eom-

183 1942 340 1993 plures,
378 1940 498 1992 quasi
527 1939 799 1980 tabernacula
832 1940 944 1980 vitae
983 1952 1081 1978 suae
1116 1939 1378 1979 collocarunt
1415 1940 1456 1978 in
1494 1940 1724 1980 tractandis

183 2018 333 2071 Lysiae
381 2017 654 2058 orationibus.
718 2020 843 2068 atque
895 2030 1001 2068 quae
1055 2017 1262 2069 genuinae
1312 2030 1502 2068 quaeque
1559 2018 1725 2069 spuriae

183 2095 437 2136 iudicandae
479 2098 619 2134 essent
656 2094 925 2146 disputarunt
939 2097 974 2146 2)
1013 2102 1054 2134 et
1088 2096 1298 2134 orationes
1337 2097 1559 2146 quasdam,
1596 2110 1722 2146 quum

184 2174 386 2215 nonnulla
425 2176 467 2213 et
502 2173 647 2213 addita
682 2177 723 2213 et
759 2176 969 2224 expuncta
1005 2174 1267 2223 viderentur,
1305 2187 1328 2212 a
1357 2174 1539 2213 librariis
1578 2174 1643 2213 vel
1673 2174 1725 2212 ab

183 2252 276 2292 aliis
318 2251 473 2291 iterum
516 2253 717 2290 tractatas
760 2263 849 2290 esse
900 2255 1193 2302 exposuerunt.
1264 2255 1390 2303 atque
1430 2251 1509 2290 hoc
1554 2252 1725 2303 quidem

183 2332 268 2371 iam
300 2332 425 2370 antea
452 2333 709 2382 cognoverat
734 2329 994 2368 Hamakerus
1024 2330 1133 2369 libro
1170 2343 1243 2369 suo
1275 2331 1345 2381 qui
1374 2331 1621 2369 inscribitur
1649 2331 1725 2379 „de

184 2407 398 2448 nonnullis
426 2406 578 2458 Lysiae
607 2406 907 2457 orationibus“,
936 2407 1238 2448 dilucidissime
1274 2411 1413 2448 autem
1439 2407 1725 2448 Kirchhoffius

185 2486 306 2535 dixit,
337 2498 467 2536 quum
496 2484 724 2533 sodalibus,
754 2485 825 2534 qui
854 2498 1017 2525 eramus
1047 2486 1259 2525 seminarii
1289 2486 1539 2538 philologici
1567 2486 1725 2526 Beroli-

181 2564 337 2614 nensis,
356 2563 591 2604 orationem
612 2562 903 2604 duodecimam
927 2564 1073 2615 Lysiae
1094 2564 1454 2615 interpretandam
1483 2565 1725 2615 proposuis-

291 2748 325 2800 1)
355 2747 570 2813 οῈΖ-ῊΒΙαξε.
605 2747 741 2806 elo-qu.
781 2747 925 2810 Graec.
965 2760 1005 2797 p.
1044 2749 1103 2796 13,
1130 2747 1295 2795 23-27,
1336 2747 1550 2787 123—134.
1589 2747 1724 2798 eloqu.

182 2801 271 2841 Att-
288 2813 340 2904 ²13.
353 2799 914 2902 Ii’cie'lsgligiwlSCM&eBriilitta5
933 2801 1180 2901 ᾔρει-ἰωὴ
1224 2851 1400 2902 Lysiae),
1441 2850 1726 2890 Franckenius

181 2904 575 3008 ἑιίἶωῃὲἓὸιξεῦἱοῃθε
617 2903 848 2955 Lysiacae),
886 2903 1069 2943 Blassius
1102 2903 1362 2955 (eloquentia
1398 2903 1541 2942 Attica
1574 2904 1730 2955 pagiua
