1895 3322
968 165 997 213 8

934 245 963 346 ¹g
992 294 1029 333 1.

315 369 430 419 Quae
459 382 590 420 quum
621 358 683 409 ita
711 369 807 419 sint,
836 370 972 410 refero
1010 373 1303 423 argumentum
1331 370 1533 410 orationis
1561 369 1613 409 ad
1642 369 1757 409 illam

209 461 336 500 quam
364 446 541 498 exposui
574 446 925 499 significationem
963 447 1077 488 tituli
1114 446 1215 489 κατὰ
1242 446 1453 501 Πολιόχου.
1493 458 1600 498 quae
1629 458 1755 486 causa

208 529 303 565 acta
331 526 399 575 sit,
428 538 450 564 e
476 524 746 576 paragrapho
776 525 941 565 decima
970 528 1122 577 quarta
1150 525 1364 565 discimus.
1418 524 1479 565 ibi
1511 525 1623 565 enim
1650 524 1754 564 haec
1804 544 1811 549 ·

206 604 406 656 legimus:
435 601 577 649 πάντες
595 601 858 655 γὰρ,εἰ’σονται
879 600 938 644 ὅτι
966 603 1057 645 τότε
1085 604 1154 656 μὲν
1173 604 1314 656 χιλίαις
1333 606 1527 655 δραχμαῖς
1555 601 1752 654 ἐζημίωσε

206 682 303 733 (hoe
337 680 515 732 praebet
549 680 657 721 liber
692 680 1005 732 manuscriptus
1044 684 1086 721 et
1120 681 1356 721 subiectum
1392 680 1616 720 Poliochus
1654 692 1752 731 sup-

206 758 408 811 plendum
438 759 515 810 est)
543 756 609 799 τὸν
630 756 859 811 βουλόμενον
879 757 947 810 τὴν
966 756 1159 810 ἡμετέραν
1178 762 1249 811 γῆν
1270 759 1462 811 δημοσίαν
1481 759 1655 810 ποιῆσαι,
1675 758 1753 799 νυνὶ

205 837 250 879 δὲ
265 836 430 878 κελεύων
453 837 651 887 δημεῦσαι
672 837 848 888 νενίκηκε
866 838 1037 889 καὶπερὶ
1056 836 1202 878 τούτων
1221 835 1270 888 δὴ
1289 834 1519 891 ἀμφοτέρων
1538 839 1752 888 Ἀθηναῖοι,

203 914 435 966 παρανόμων
477 912 687 964 φεύγοντος
727 916 796 954 τοῦ
846 911 971 955 αὐτοῦ
1014 911 1173 965 ἀνδρός,
1224 911 1407 955 τάναντία
1458 915 1589 965 σφίσιν
1629 910 1760 959 αὐτοῖς

208 993 468 1045 ἐψηφίσαντο,
505 990 586 1031 hoc
615 993 696 1041 est,
734 1003 876 1032 omnes
913 1003 998 1031 non
1032 991 1312 1044 ignorabunt,
1349 992 1483 1043 quum
1520 994 1610 1032 tum
1638 991 1752 1032 mille

207 1070 418 1110 drachmis
447 1082 542 1109 eum
572 1068 646 1120 qui
665 1069 778 1108 bona
798 1071 942 1108 nostra
969 1068 1182 1119 publicari
1216 1069 1339 1109 vellet
1357 1069 1611 1119 multaverit,
1639 1082 1751 1109 nunc

205 1148 376 1200 quidem
406 1147 655 1187 Poliochum
684 1150 901 1186 auctorem
929 1146 1088 1186 factum
1116 1158 1235 1200 esse„
1255 1149 1302 1187 ut
1338 1146 1450 1187 bona
1485 1146 1750 1198 publicaren-

200 1230 282 1265 tur.
337 1225 467 1264 verba
496 1227 637 1262 autem
677 1236 785 1274 quae
821 1227 920 1262 sunt
946 1222 1037 1263 τότε
1065 1224 1133 1274 μὲν
1168 1225 1310 1276 χιλίαις
1337 1228 1530 1277 δραχμαῖς
1559 1225 1753 1275 ἐζημίωσε

202 1318 288 1345 non
316 1304 375 1344 ita
403 1301 691 1354 intellegenda
710 1304 819 1352 sunt,
848 1305 896 1341 ut
915 1300 1142 1341 Poliochus
1170 1301 1262 1353 ipse
1287 1302 1488 1342 multasse
1517 1301 1682 1343 dicatur
1702 1325 1751 1332 —

202 1397 299 1423 nam
328 1381 489 1422 homini
508 1380 675 1431 privato
705 1392 783 1419 nec
804 1379 1004 1418 damnare
1031 1392 1108 1419 nec
1129 1379 1347 1419 absolvere
1368 1391 1620 1431 quemquam
1648 1380 1747 1420 lice-

200 1464 276 1503 bat
308 1484 356 1492 -—
384 1459 458 1499 sed
498 1458 603 1497 nihil
644 1457 760 1496 aliud
804 1456 1047 1509 significant
1085 1457 1166 1496 nisi
1202 1456 1402 1496 Poliocho
1444 1461 1636 1508 auctore,
1676 1458 1748 1509 qui

202 1540 320 1592 prior
347 1537 416 1589 τὴν
445 1534 639 1589 ἡμετέραν
674 1538 743 1587 γῆν
774 1537 966 1586 δημοσίαν
995 1537 1162 1586 ποιῆσαι
1190 1534 1329 1583 vellet,
1365 1547 1459 1574 eum
1489 1547 1614 1575 causa
1642 1536 1747 1575 ceci-

203 1618 327 1658 disse.
341 1618 376 1669 6)
431 1615 576 1666 itaque
614 1627 665 1653 ex
713 1613 793 1653 hoc
830 1614 1074 1653 conclusum
1117 1616 1179 1653 est
1210 1614 1245 1665 ⁷)
1282 1625 1398 1662 eum,
1440 1613 1512 1665 qui
1545 1613 1749 1653 iudicium

198 1696 317 1746 prius
338 1692 685 1733 committendum
705 1692 941 1744 proposuit,
970 1706 994 1731 a
1012 1691 1212 1731 Poliocho
1242 1690 1476 1743 παρανόμων
1504 1695 1747 1732 accusatum

199 1776 241 1813 et
276 1785 300 1811 a
338 1770 550 1810 iudicibus
588 1769 703 1810 mille
739 1769 951 1809 drachmis
980 1770 1205 1810 multatum
1242 1781 1344 1808 esse.
1398 1768 1479 1809 hoc
1512 1769 1746 1809 dilucidum

203 1850 387 1890 videtur.
441 1861 578 1900 neque
612 1861 713 1888 vero
751 1847 863 1888 idem
894 1848 946 1887 de
975 1848 1108 1888 altera
1137 1862 1263 1889 eausa
1296 1849 1381 1888 dici
1409 1860 1533 1900 posse
1567 1847 1746 1887 videtur.

200 1928 280 1967 viri
309 1927 425 1966 docti
457 1926 568 1965 enim
597 1925 670 1976 qui
690 1926 978 1976 superioribus
999 1927 1261 1977 temporibus
1281 1927 1491 1967 florebant
1518 1925 1625 1965 hanc
1654 1938 1745 1965 ora-

198 2006 357 2045 tionem
395 2004 497 2043 item
535 1986 661 2043 causa
688 2002 921 2054 παρανόμων
949 2003 1157 2042 instructa
1184 2003 1372 2043 habitam
1410 2016 1500 2043 esse
1527 2016 1579 2043 ex
1606 2002 1745 2042 verbis

200 2083 484 2130 coniecerunt,
514 2093 621 2132 quae
641 2080 841 2132 leguntur
868 2080 1101 2131 παρανόμων
1123 2080 1332 2132 φεύγοντος
1351 2083 1420 2122 τοῦ
1450 2078 1566 2122 αὐτοῦ
1597 2078 1745 2132 ἀνδρός.

201 2159 276 2201 sed
305 2159 409 2199 haee
438 2158 566 2198 verba
587 2170 760 2211 magnas
791 2157 1031 2209 explicandi
1052 2157 1323 2199 difficultates
1343 2159 1425 2200 illis
1445 2159 1746 2211 praebuerunt.

197 2239 356 2278 docent
385 2237 508 2292 enim,
537 2236 581 2275 id
611 2236 725 2288 quod
753 2249 838 2275 non
866 2240 1007 2287 potest
1036 2237 1205 2289 negari,
1234 2237 1412 2277 eundem
1441 2237 1493 2277 de
1521 2236 1643 2277 bonis
1670 2248 1746 2287 pu-

196 2315 404 2356 blicandis
433 2315 587 2354 iterum
615 2315 750 2366 legem
780 2315 937 2355 tulisse.
994 2328 1045 2355 ex
1075 2328 1156 2366 quo
1198 2316 1390 2367 sequitur
1417 2319 1477 2366 ut,
1509 2328 1639 2367 quum
1667 2314 1744 2354 Po-

197 2394 384 2434 liochum
420 2393 599 2433 alterum
636 2392 742 2431 illud
777 2394 957 2433 suasisse
997 2406 1047 2433 ex
1075 2393 1124 2446 ἓξ
1156 2393 1215 2443 13,
1248 2393 1298 2432 14
1332 2392 1643 2445 apertissimum
1678 2391 1745 2441 sit,

198 2472 322 2512 nobis
358 2470 628 2510 statuendum
663 2470 729 2519 sit,
769 2469 948 2525 eundem
977 2470 1119 2520 priore
1157 2483 1282 2509 causa
1318 2473 1367 2509 ut
1401 2470 1513 2510 bona
1546 2469 1744 2509 Eue-ratis

195 2548 368 2601 publica
396 2546 546 2586 fierent
572 2546 783 2586 iudicibus
820 2546 1074 2597 persuadere
1103 2549 1300 2586 conatum
1329 2559 1436 2596 esse,
1472 2546 1547 2586 sed
1574 2558 1743 2585 causam

198 2639 283 2667 non
316 2625 511 2666 tenuisse.
566 2624 669 2664 haec
698 2627 838 2664 autem
876 2637 1012 2675 neque
1039 2625 1279 2675 probarunt
1305 2637 1442 2676 neque
1469 2623 1642 2664 laudare
1668 2636 1742 2675 po-

194 2707 369 2747 tuerunt
394 2703 475 2744 viri
505 2702 633 2752 docti,
662 2703 815 2753 quibus
845 2703 919 2753 qui
949 2702 1136 2754 priorem
1164 2715 1332 2743 causam
1361 2701 1623 2752 intendisset,
1652 2714 1742 2741 eam

195 2781 399 2823 Poliocho
429 2782 600 2820 auctore
631 2779 866 2831 perdidisse
894 2779 1121 2820 videretur.

297 2967 333 3018 ὓ)
362 2962 493 3003 Blass.
521 2975 563 3014 p.
592 2963 678 3004 524.
737 2963 772 3014 ⁷)
802 2961 859 3005 id.
891 2975 931 3014 p.
961 2963 1048 3004 524.
1078 2960 1321 3004 Hoelscher.
1351 2974 1393 3013 Ρ.
1432 2963 1493 3003 90.
