1895 3322
940 135 998 181 13

923 261 1010 314 §a

305 377 417 427 Quae
438 393 568 430 quum
587 379 645 418 ita
664 379 759 429 sint,
772 377 999 418 Hamakeri
1019 378 1261 429 conjectura
1278 375 1541 429 repudianda
1560 374 1740 416 videtur.

198 454 340 506 itaque
370 456 599 507 Scheibius,
630 471 758 508 quum
777 457 899 497 huius
920 456 999 496 viri
1021 456 1136 496 docti
1156 455 1385 495 sententias
1414 454 1466 494 de
1486 452 1612 504 Lysia
1639 464 1736 504 pro-

199 532 302 571 latas
333 537 580 583 recenseret,
608 534 783 573 verbum
811 533 1006 584 ἐζημίωσε
1033 531 1077 570 in
1104 530 1346 583 ἐζημιώσατε
1372 529 1621 570 mutandum
1650 541 1739 568 esse

199 612 378 661 censuit3
419 624 596 662 eumque
639 614 703 650 est
748 612 914 650 secutus
960 608 1247 649 Franckenius
1298 609 1352 660 (p.
1391 609 1491 661 124).
1545 607 1589 646 in
1629 606 1739 647 hanc

196 691 334 728 autem
370 689 486 728 verbi
513 687 689 727 formam
724 687 810 727 fere
838 687 950 727 idem
980 687 1093 726 cadit
1121 686 1235 738 quod
1262 687 1306 726 in
1333 685 1440 726 illud
1466 684 1736 725 Hamakeria-

195 779 295 805 num
329 766 538 817 ἐζημίωσα.
593 778 689 805 nam
726 766 760 804 si
795 765 875 804 hoc
911 764 1131 814 scribitur,
1167 775 1254 804 non
1279 762 1405 803 modo
1433 766 1613 815 tempus,
1651 774 1735 814 quo

193 842 309 892 prior
338 854 462 881 causa
489 845 583 881 acta
609 845 683 891 est,
716 843 854 891 aetati,
884 855 966 893 qua
994 842 1172 881 alterum
1206 840 1411 880 iudicium
1440 840 1730 889 exercebatur,

196 920 424 970 opponitur
449 921 521 959 sed
551 920 675 959 etiam
709 920 884 970 iudicia,
914 933 1021 971 quae
1056 920 1107 959 de
1135 922 1314 969 utraque
1343 930 1470 958 causa
1507 920 1601 957 acta
1626 920 1737 966 sunt,

194 996 405 1035 contraria
432 999 528 1035 sunt
554 996 663 1035 inter
699 1009 760 1035 se:
798 1009 925 1047 quum
961 998 1085 1036 antea
1120 995 1186 1036 τὸν
1222 995 1449 1048 βουλόμενον
1484 993 1736 1034 condemna-

193 1073 374 1122 vissent,
420 1074 501 1112 iam
545 1073 729 1113 eiusdem
778 1073 1020 1124 psephisma
1060 1071 1335 1112 Athenienses
1371 1071 1594 1123 probaturi
1641 1084 1731 1111 esse

195 1149 459 1189 videbantur.
511 1164 608 1190 nam
646 1151 899 1191 censendum
938 1153 1000 1190 est
1042 1163 1092 1189 ex
1138 1147 1305 1189 dicendi
1341 1148 1505 1189 ratione
1550 1145 1612 1190 ’ὅτι
1647 1147 1737 1190 τότε

196 1229 327 1278 μέν...
358 1228 597 1279 ἐζημιώσατε
624 1228 688 1269 τὸν
717 1215 1024 1281 βουλόμενον....
1054 1227 1131 1267 νυνὶ
1159 1227 1204 1267 δὲ
1232 1225 1399 1267 κελεύων
1427 1228 1603 1278 νενίκηκε
1636 1239 1735 1267 eun-

196 1304 289 1343 dem
318 1308 538 1355 utramque
575 1305 709 1356 legem
745 1305 902 1344 tulisse.
958 1316 1008 1343 ex
1047 1315 1130 1354 quo
1168 1306 1355 1354 apparet,
1396 1316 1524 1354 quum
1560 1303 1736 1344 alteram

195 1382 310 1426 litem
338 1382 590 1430 intenderet,
626 1381 873 1421 Poliochum
912 1380 1091 1420 eundem
1126 1379 1252 1419 fuisse
1290 1382 1505 1420 auctorem
1540 1383 1587 1421 ut
1621 1380 1739 1432 prior

196 1461 391 1510 ageretur
420 1471 557 1498 causa.

298 1588 411 1638 Quae
441 1601 570 1639 quum
600 1590 714 1627 recte
743 1587 855 1627 dicta
883 1586 979 1637 sint,
1007 1599 1141 1638 pauca
1162 1587 1342 1628 dicenda
1361 1587 1568 1638 videntur,
1596 1591 1644 1630 ut
1670 1603 1737 1630 co-

195 1679 445 1717 gnoscamus
476 1667 629 1717 quibus
657 1666 920 1716 temporibus
941 1669 1120 1716 utraque
1149 1678 1273 1705 causa
1292 1669 1386 1705 acta
1412 1666 1478 1706 sit.
1532 1669 1658 1718 atque
1685 1668 1738 1709 ab

194 1743 376 1793 antiquis
409 1744 686 1794 scriptoribus
723 1743 982 1794 accepimus,
1021 1743 1277 1794 quicumque
1321 1742 1477 1782 iudicio
1515 1744 1736 1784 commisso

194 1824 267 1861 aut
293 1835 367 1860 sua
403 1826 552 1872 sponte
586 1835 670 1862 non
704 1825 850 1874 ageret
886 1834 1054 1860 causam
1081 1821 1295 1872 publicam
1331 1823 1403 1860 aut
1437 1834 1521 1861 non
1549 1823 1740 1873 quintam

196 1899 492 1951 suffragiorum
526 1902 689 1950 partem
725 1899 954 1949 acciperet,
997 1910 1091 1936 eum
1119 1910 1202 1937 non
1231 1898 1356 1937 modo
1384 1897 1500 1938 mille
1528 1898 1738 1939 drachmis

195 1976 365 2014 multari
394 1976 540 2026 solere,
568 1977 642 2016 sed
670 1976 796 2015 etiam
824 1977 868 2015 in
885 1979 1101 2027 posterum
1129 1976 1203 2016 has
1232 1979 1274 2016 et
1300 1976 1404 2016 tales
1434 1988 1579 2016 causas
1607 1977 1737 2016 susci·

193 2066 292 2103 pere
320 2054 495 2092 vetitum
524 2055 698 2105 essc.¹⁰)
754 2058 880 2104 atque
908 2053 1019 2092 idem
1048 2055 1090 2093 in
1119 2054 1227 2093 hanc
1256 2067 1444 2105 causam,
1480 2039 1532 2094 de
1568 2068 1651 2106 qua
1678 2055 1739 2094 di-

193 2134 337 2181 sputo,
367 2130 500 2179 cadit,
530 2144 658 2181 quum
688 2144 793 2182 quae
822 2144 947 2171 causa
977 2131 1028 2171 de
1056 2131 1326 2182 publicandis
1355 2132 1478 2172 bonis
1507 2132 1662 2185 agitur,
1692 2146 1740 2173 ea

192 2208 364 2259 publiea
399 2209 464 2248 sit.
519 2214 560 2248 et
600 2209 672 2260 qui
706 2209 891 2260 priorem
926 2209 1028 2250 tulit
1055 2209 1194 2261 legem
1223 2223 1351 2261 quum
1386 2209 1501 2249 mille
1529 2209 1739 2250 drachmis

192 2300 237 2326 re
279 2300 377 2326 vera
412 2288 680 2337 multaretur,
718 2287 830 2327 idem
867 2299 1011 2327 causas
1057 2287 1251 2338 publicas
1296 2300 1421 2340 agere
1465 2287 1618 2328 vetitus
1664 2291 1740 2331 est.

199 2377 308 2414 quac
337 2378 465 2415 quum
495 2361 554 2403 ita
574 2365 668 2414 sint,
697 2365 896 2404 Poliocho
918 2365 953 2403 si
980 2365 1121 2416 priore
1150 2378 1275 2404 causa
1294 2364 1527 2415 cecidisset,
1554 2365 1598 2405 id
1627 2365 1742 2416 quod

194 2441 412 2481 Scheibius
449 2443 621 2493 probat,
657 2442 832 2482 alteram
869 2455 993 2495 agere
1022 2455 1251 2494 numquam
1278 2443 1410 2483 licuit.
1467 2444 1586 2494 prior
1626 2443 1738 2483 enim

192 2533 316 2558 causa
344 2520 515 2569 publica
535 2519 661 2559 fuisse
682 2519 859 2561 videtur.
906 2521 941 2560 si
968 2521 1100 2573 igitur
1129 2534 1273 2561 verum
1302 2525 1376 2571 est,
1405 2521 1525 2561 illum
1552 2520 1738 2570 priorem

193 2598 400 2637 bonorum
439 2598 790 2649 publicandorum
830 2599 967 2652 legem
1010 2600 1177 2651 tulisse,
1219 2613 1348 2651 quum
1392 2598 1501 2640 filios
1543 2598 1740 2639 Eucratis

192 2675 323 2715 altero
352 2675 508 2715 iudicio
537 2678 781 2729 arcesseretf,
810 2678 922 2731 leges
950 2679 1082 2719 laesit.
1137 2682 1179 2720 et
1206 2679 1287 2719 hoc
1316 2678 1487 2731 quidem
1523 2690 1630 2727 eum,
1666 2677 1739 2729 qui

191 2754 340 2794 habuit
375 2756 620 2805 orationem,
648 2769 732 2796 non
762 2755 919 2808 fugisse
953 2757 1156 2807 arbitr0r3
1195 2760 1267 2797 aut
1303 2758 1340 2798 ei
1374 2757 1513 2798 forum
1549 2769 1633 2797 non
1660 2755 1742 2796 fuit

300 2924 358 2974 ¹⁰)
390 2921 665 2963 Schoemann.
697 2923 856 2973 antiqq.
887 2922 1031 2962 Graec.
1060 2923 1175 2973 publ.
1204 2923 1234 2972 I,
1262 2924 1349 2963 510.
