1895 3322
930 111 992 159 29

194 240 279 282 dici
316 243 475 293 potest,
511 238 721 280 orationes
756 238 908 291 Lysiae
942 238 1065 279 nobis
1097 238 1158 280 ita
1184 239 1362 281 traditas
1389 253 1479 281 esse
1517 241 1564 278 ut
1594 237 1728 277 codex

192 318 421 371 primarius
449 318 532 358 iam
560 318 778 357 truncatus
806 328 897 356 esse
923 315 1046 355 facile
1072 318 1365 368 cognoscatur,
1400 319 1443 356 et
1468 315 1547 354 hac
1574 327 1619 353 re
1646 313 1729 353 fac·

193 400 284 436 tum
312 408 401 435 esse
429 397 477 435 ut
502 407 588 434 non
614 393 741 433 modo
767 405 867 444 pars
896 395 1084 432 extrema
1118 393 1322 432 orationis
1356 392 1476 433 XVII
1504 392 1578 431 sed
1605 390 1730 431 etiam

192 487 291 526 pars
326 472 445 525 prior
479 471 603 512 huius
644 470 696 512 de
732 483 815 522 qua
858 469 1121 521 disputamus
1166 469 1367 511 orationis
1409 468 1730 511 desideraretur.

193 554 321 604 atque
349 549 401 591 de
429 550 620 602 oratione
654 548 775 589 XVII
810 547 981 601 quidem
1017 560 1144 600 quam
1179 551 1294 588 recte
1328 548 1435 589 illud
1470 547 1630 587 dictum
1664 547 1730 596 sit,

191 641 400 681 exponere
434 640 573 668 meum
607 639 693 667 non
727 628 810 676 est3
845 625 919 666 sed
946 626 991 665 in
1024 625 1103 665 hac
1132 626 1341 676 oratione,
1378 629 1582 677 quantum
1610 628 1652 664 et
1679 637 1730 664 ex

189 705 385 745 Eucratis
423 704 559 757 gloria
594 706 637 744 et
672 716 725 743 ex
751 706 926 754 peceato
958 703 1149 754 quolibet
1189 707 1527 754 commemorato,
1570 706 1612 743 et
1641 716 1727 742 om-

193 780 293 821 nino
323 793 377 820 ex
405 780 607 820 orationis
641 779 778 831 prima
810 781 933 830 parte
967 779 1112 831 colligi
1145 782 1299 830 potest,
1334 780 1462 819 ullam
1493 792 1594 831 rem,
1623 792 1730 830 quae

197 871 295 899 cum
314 859 472 899 scelere
490 858 631 899 nescio
653 870 737 909 quo
756 856 1005 898 Eucratis
1025 857 1168 909 aliqua
1184 861 1400 899 teneretur
1420 858 1729 907 coniunctione,

193 949 321 989 supra
340 936 574 988 expositam
592 948 681 975 esse
700 933 942 987 negaverim
955 933 1031 984 ³³).
1069 936 1113 973 at
1130 933 1315 974 Blassius
1327 935 1388 988 ³4)
1407 938 1541 988 putat,
1569 938 1732 987 partem

190 1015 375 1067 priorem
413 1027 496 1066 qua
537 1013 822 1054 contineretur
861 1013 1058 1064 probatio
1087 1013 1273 1065 periisse.
1314 1014 1483 1055 videtur
1522 1014 1730 1066 particula

192 1093 360 1144 quidem
400 1094 523 1134 τοίνυν
551 1091 589 1144 (ξ
620 1092 656 1142 1)
695 1090 803 1130 hanc
832 1089 1073 1141 explicandi
1115 1091 1322 1131 rationem
1362 1091 1617 1141 desiderare;
1655 1090 1729 1130 sed

192 1169 446 1221 quicumque
474 1169 497 1223 ξ
527 1170 548 1208 1
578 1167 741 1221 legerit,
769 1180 818 1207 eo
846 1166 1103 1218 perducetur
1129 1171 1177 1208 ut
1204 1168 1360 1220 credat,
1389 1171 1729 1209 enumeraturum

191 1260 281 1287 esse
309 1250 519 1286 oratorem
555 1259 620 1286 res
655 1246 763 1285 bene
798 1248 937 1296 gestas
975 1248 1017 1284 et
1051 1258 1075 1284 a
1108 1245 1338 1285 maioribus
1374 1249 1417 1286 et
1453 1247 1505 1285 ab
1541 1246 1645 1296 ipso,
1679 1249 1728 1284 ut

189 1324 323 1364 scelus
358 1337 382 1363 a
409 1336 453 1364 se
481 1323 547 1364 vel
575 1322 627 1363 ab
668 1321 750 1362 alio
793 1321 981 1362 eiusdem
1020 1322 1188 1375 generis
1216 1346 1265 1353 ——
1293 1335 1417 1376 quem
1458 1322 1603 1364 eadem
1645 1335 1728 1375 qua

189 1405 400 1442 oratorem
427 1415 517 1442 esse
544 1403 681 1441 aetate
707 1412 877 1440 necesse
904 1402 969 1439 est
996 1422 1045 1430 —
1073 1400 1343 1441 commissum
1372 1403 1592 1441 excusaret
1619 1400 1726 1439 iudi-

189 1492 369 1530 cumque
397 1479 559 1518 animos
595 1478 821 1530 mitigaret.
875 1490 1013 1528 neque
1048 1491 1302 1530 quemquam
1337 1480 1409 1530 qui
1436 1478 1725 1530 paragraphos

188 1556 411 1597 duodecim
440 1569 547 1609 quae
573 1556 736 1609 primae
773 1557 871 1596 sunt
902 1554 1144 1608 perlegerit,
1177 1556 1488 1608 suspicaturum
1517 1567 1606 1596 esse
1633 1554 1723 1606 opi-

188 1648 279 1685 nor,
306 1638 515 1674 oratorem
542 1634 699 1675 scelere
727 1647 751 1673 a
786 1637 908 1685 patre
944 1634 1166 1673 commisso
1200 1634 1264 1674 his
1299 1634 1618 1675 necessitatibus
1652 1634 1727 1672 im-

187 1699 390 1763 plicatum
418 1725 519 1752 esse.
573 1711 646 1751 sed
675 1710 863 1763 quisquis
899 1723 1068 1751 causam
1105 1724 1211 1762 quae
1243 1711 1323 1752 hac
1361 1711 1551 1752 oratione
1586 1711 1726 1763 agitur

185 1789 464 1841 inquisiverit,
491 1789 681 1841 profecto
702 1789 916 1839 concedet,
945 1802 993 1829 ea
1012 1790 1213 1830 orationis
1233 1793 1366 1842 parte,
1394 1803 1501 1842 quae
1527 1789 1724 1841 probatio

184 1870 422 1919 usurpatur,
441 1870 651 1908 oratorem
670 1879 914 1920 aggressum
932 1865 1022 1908 fore
1041 1866 1237 1908 Eucratis
1258 1868 1392 1908 scelus
1414 1866 1480 1918 (τὰ
1509 1870 1720 1919 παρεληλυ-

184 1944 298 1995 θότα)
327 1956 527 1983 excusare
554 1947 597 1983 et
624 1944 774 1983 docere
802 1943 914 1983 bona
941 1945 1090 1983 contra
1115 1945 1229 1997 leges
1257 1945 1515 1996 publicanda
1541 1945 1724 1996 proponi

183 2026 311 2074 atque
347 2022 401 2062 ad
435 2022 542 2062 hanc
582 2034 668 2063 rem
702 2021 996 2062 illustrandam
1032 2022 1226 2062 omnibus
1254 2022 1392 2073 rebus,
1434 2035 1723 2075 quaecumque

184 2103 258 2139 aut
293 2113 345 2140 ex
386 2112 511 2139 causa
546 2100 638 2151 ipsa
679 2102 753 2139 aut
793 2112 845 2139 ex
883 2099 999 2139 urbis
1042 2102 1154 2140 statu
1181 2100 1340 2150 petitae
1379 2100 1460 2140 sibi
1502 2100 1722 2141 commodo

184 2181 334 2227 essent,
362 2191 483 2217 usum
510 2177 612 2217 fore.
666 2177 839 2228 deinde,
872 2177 908 2217 si
936 2190 1079 2217 omnes
1107 2177 1181 2217 has
1211 2177 1471 2218 defensiones
1500 2178 1720 2227 attulisset,

185 2266 239 2294 ex
268 2267 384 2295 more
412 2255 478 2295 vel
504 2257 597 2307 lege
624 2254 781 2295 forensi
808 2253 996 2295 futurum
1025 2253 1155 2295 fuisse
1182 2258 1228 2295 ut
1255 2255 1309 2295 ad
1328 2256 1506 2296 virtutes
1533 2256 1599 2296 vel
1626 2268 1721 2295 suas

183 2333 250 2372 vel
277 2333 482 2372 maiorum
510 2332 723 2385 refugeret
749 2332 803 2372 ad
829 2332 1017 2372 iudicum
1037 2333 1198 2372 animos
1223 2333 1512 2373 misericordia
1539 2333 1721 2373 afficien-

183 2409 272 2451 dos.
327 2423 462 2462 neque
488 2423 588 2451 vero
623 2424 717 2451 mea
752 2410 922 2463 quidem
950 2411 1168 2461 sententia,
1203 2411 1238 2451 si
1273 2410 1469 2451 Eucratis
1502 2414 1722 2462 peccatum

183 2492 413 2539 excusaret,
446 2489 559 2528 illius
594 2489 771 2529 virtutes
806 2501 901 2529 cum
942 2489 1203 2541 reliquorum
1245 2493 1521 2542 cognatorum
1560 2490 1720 2529 meritis

182 2566 226 2605 in
262 2566 566 2618 rempublicam
603 2567 775 2607 laudare
810 2566 896 2607 filio
933 2567 1073 2617 licuit,
1105 2570 1320 2619 tamquam
1358 2567 1553 2617 Eucrati,
1589 2580 1719 2617 aeque

183 2656 232 2683 ac
252 2643 425 2696 reliquis
445 2644 675 2685 maioribus
697 2644 769 2697 qui
788 2645 1069 2697 nominantur,
1088 2645 1193 2687 nihil
1213 2657 1309 2686 cum
1328 2657 1454 2686 causa
1482 2644 1575 2697 ipsa
1595 2648 1714 2685 esset.

286 2774 354 2814 Ad
380 2774 460 2815 hoc
488 2775 653 2816 accedit
679 2776 862 2828 primum
891 2775 1004 2827 quod
1039 2776 1267 2817 virtutibus
1302 2776 1508 2816 maiorum
1536 2775 1717 2816 celebra-

267 2873 431 2957 43)-ὲῇ
450 2874 559 2956 cap.
584 2906 616 2946 1.
645 2906 680 2958 ξ.
709 2908 733 2945 3
762 2908 869 2946 extr.
927 2908 987 2959 ³⁴)
1016 2906 1041 2944 1.
1071 2918 1104 2945 0.
1133 2919 1171 2957 p.
1201 2908 1289 2948 522,
