1895 3322
939 113 969 160 9

292 237 511 288 Quomodo
542 251 671 290 quum
705 240 1001 291 argumentum
1036 237 1293 290 paragraphi
1330 238 1517 279 decimae
1551 242 1725 290 quartae

185 315 416 356 absurdum
458 315 690 367 videretur,
731 329 981 369 quacunque
1022 316 1186 356 ratione
1218 317 1349 357 verba
1383 317 1606 358 emendare
1641 322 1725 358 stu-

116 427 121 432 l
185 392 368 433 duerunt
394 394 436 433 et
463 406 592 444 quum
618 393 795 434 multum
825 393 980 434 referat
997 406 1086 433 rem
1112 393 1314 446 intellegi,
1342 393 1445 433 mihi
1465 394 1593 434 liceat
1629 395 1724 435 illu·

186 473 320 510 strare
338 484 438 511 num
460 484 566 522 quae
585 474 897 523 proposuerunt
915 470 1140 512 scribenda
1165 471 1313 512 melius
1340 472 1531 525 intellegi
1551 473 1727 524 possint.

910 677 997 731 §a

286 805 367 847 Sed
395 808 621 858 antequam
650 806 786 846 oratio
814 818 907 847 mea
933 806 1002 847 via
1029 817 1078 845 ac
1106 806 1270 846 ratione
1307 807 1618 859 progrediatur,
1646 808 1725 848 hoc

179 884 274 923 dico
310 896 480 923 causam
514 884 762 924 instructam
798 897 887 924 esse
920 886 969 924 ut
1002 883 1215 924 Eucratea
1250 883 1362 923 bona
1395 884 1727 935 publicarentur.

178 976 275 1003 nam
300 976 352 1003 ex
378 962 429 1003 iis
458 974 565 1014 quae
591 961 791 1015 leguntur
817 962 906 1016 §21
938 961 1030 1013 (ubi
1059 963 1260 1014 quantam
1279 961 1391 1004 bona
1418 962 1578 1015 populo
1600 961 1720 1005 affer-

176 1045 272 1082 rent
305 1041 543 1090 utilitatem,
570 1040 606 1079 si
640 1040 683 1080 in
718 1053 793 1080 sua
820 1039 1082 1092 possessione
1109 1043 1327 1080 manerent
1355 1040 1464 1081 dixit
1490 1044 1647 1094 orator)
1676 1038 1723 1083 ἂν

178 1120 214 1160 δ’
250 1118 338 1170 ἐμοὶ
379 1119 590 1169 πείθησθε,
637 1112 706 1158 οὐκ
754 1116 901 1159 ἐλάττω
944 1114 1011 1158 ἀπ’
1053 1114 1175 1159 αὐτῶν
1212 1115 1323 1170 ὑμεῖς
1364 1115 1724 1172 ὠφεληθήσεσὲεῆ

174 1194 318 1250 ἡμεῖς
353 1194 397 1236 οἱ
431 1195 740 1246 κεκτημένοι,
775 1194 861 1236 ἐπεὶ
894 1196 961 1236 καὶ
995 1196 1074 1236 νυνὶ
1111 1194 1350 1246 Διόμνηστος
1385 1197 1452 1236 καὶ
1487 1195 1563 1247 ἐγὼ
1598 1198 1665 1238 καὶ
1706 1213 1724 1238 0

175 1270 344 1325 ἀδελφὸς
371 1273 416 1314 ἐκ
444 1274 535 1325 μιᾶς
563 1272 688 1318 οἰκίας
715 1278 817 1324 τρεῖς
854 1269 957 1320 ὅντες
984 1274 1302 1326 τριηραρχοῦμεν,
1337 1274 1404 1315 καὶ
1439 1270 1530 1315 ὅταν
1559 1272 1584 1326 ἡ
1613 1274 1724 1322 πόλις

176 1353 312 1404 δέηται
339 1349 569 1405 χρημάτων,
606 1346 683 1391 ἀπὸ
717 1349 863 1392 τούτων
898 1348 987 1403 ὑμῖν
1024 1351 1275 1404 εἰσφέρομεν,
1311 1363 1362 1390 ex
1389 1350 1453 1390 his
1482 1352 1634 1402 verbis,
1661 1352 1723 1392 in-

178 1442 324 1480 quam,
359 1441 444 1468 non
480 1428 580 1467 licet
608 1426 821 1477 conicere,
855 1426 1094 1479 periculum
1121 1427 1248 1468 fuisse
1275 1441 1327 1468 ne
1354 1428 1589 1470 Diomnesti
1620 1442 1722 1481 quo-

179 1520 261 1559 que
302 1508 414 1547 bona
454 1505 797 1558 publicarentur,
839 1505 914 1546 sed
950 1519 999 1546 ea
1033 1518 1126 1545 mea
1162 1504 1332 1557 quidem
1373 1505 1583 1547 sententia
1618 1506 1723 1546 nihil

178 1584 292 1625 aliud
312 1583 564 1638 significant,
591 1584 672 1624 nisi
701 1588 798 1626 ante
825 1584 932 1624 hanc
961 1584 1165 1637 (alteram)
1193 1584 1309 1624 litem
1337 1584 1543 1626 intentam
1570 1584 1719 1626 Niciae

175 1663 314 1715 gentis
349 1663 560 1702 neminem
596 1663 678 1702 nisi
713 1666 924 1703 oratorem
959 1663 1131 1714 eiusque
1174 1662 1347 1702 fratrem
1391 1662 1721 1703 trierarchorum

177 1741 421 1781 muneribus
448 1739 613 1780 functos
642 1753 743 1791 esse,
772 1753 901 1792 quum
928 1739 1031 1779 haec
1060 1750 1185 1779 causa
1212 1742 1408 1793 ageretur
1434 1743 1525 1780 tum
1553 1740 1722 1781 demum

178 1819 472 1859 Diomnestum
499 1818 592 1869 lege
619 1818 792 1870 publica
811 1816 1064 1857 obstrictum
1083 1829 1172 1857 esse
1199 1820 1247 1857 ut
1273 1817 1339 1857 rei
1357 1817 1554 1868 publicae
1583 1818 1722 1859 officia

176 1899 422 1948 praestaret.
479 1899 606 1946 atque
651 1895 754 1935 haec
789 1895 918 1935 verba
955 1907 1062 1945 quae
1097 1898 1195 1935 sunt
1231 1892 1299 1935 οὐκ
1328 1894 1476 1936 ἐλάττω
1504 1894 1571 1937 ἀπ’
1598 1893 1720 1938 αὐτῶν

173 1973 286 2027 ὑμεῖς
314 1972 619 2027 ὠφεληθήσεσθε
644 1969 670 2025 ἢ
698 1970 814 2026 ἡμεῖς
841 1971 877 2013 οἱ
904 1972 1148 2024 κεκτημένοι,
1178 1972 1263 2012 ἐπεὶ
1282 1973 1348 2012 καὶ
1376 1973 1454 2013 νυνὶ
1482 1972 1721 2025 Διόμνηστος

175 2054 242 2094 καὶ
277 2051 353 2103 ἐγὼ
386 2049 500 2092 καὶὸ
538 2049 707 2103 ἀδελφὸς
743 2051 787 2091 ἐκ
822 2053 914 2102 μιᾶς
951 2052 1077 2096 οἰκίας
1119 2057 1220 2101 τρεῖς
1261 2047 1366 2096 ὄντες
1399 2054 1718 2104 τριηραρχοῦμεν,

175 2130 235 2171 ita
264 2128 509 2181 accipienda
540 2128 666 2169 credo
695 2130 743 2170 ut
770 2130 913 2169 orator
942 2127 1082 2168 dicere
1108 2127 1152 2167 in
1180 2126 1318 2167 animo
1354 2127 1550 2169 habuisse
1578 2128 1718 2169 videa-

173 2211 261 2248 tur:
301 2207 362 2258 „si
402 2207 514 2246 bona
554 2219 639 2246 non
666 2206 1018 2257 publicabuntur,
1061 2218 1190 2256 quum
1225 2212 1327 2257 τρεῖς
1363 2207 1407 2246 ἐκ
1450 2210 1543 2258 μιᾶς
1587 2208 1713 2253 οἰκίας

174 2282 507 2326 trierarchorum
534 2284 778 2336 muneribus
808 2284 1050 2338 fungantur,
1079 2287 1121 2323 et
1149 2296 1224 2323 nos
1254 2282 1291 2324 οἱ
1317 2285 1552 2335 κεκτημένοι
1573 2308 1621 2315 -—
1640 2285 1664 2324 i.
1685 2299 1718 2325 e.

174 2366 318 2404 orator
346 2362 519 2414 eiusque
546 2361 677 2402 frater
704 2386 753 2391 —
781 2364 824 2402 et
849 2373 922 2402 vos
952 2360 1131 2401 eandem
1160 2372 1213 2400 ex
1251 2361 1372 2400 bonis
1403 2361 1577 2413 capietis
1605 2362 1717 2402 utili-

172 2444 315 2481 tatem.
368 2440 432 2480 sin
461 2452 509 2480 ea
527 2438 700 2490 publica
726 2439 819 2478 fieri
846 2438 1058 2487 iubebitis,
1086 2437 1311 2477 maximam
1338 2437 1520 2478 afferetis
1550 2439 1716 2479 calami·

170 2520 302 2558 tatem
338 2530 467 2569 quum
501 2516 643 2567 nobis,
680 2515 752 2567 qui
786 2515 902 2554 nulla
937 2517 1155 2566 praeterea
1190 2515 1301 2555 bona
1342 2514 1590 2566 habeamus,
1626 2519 1716 2556 tum

172 2595 306 2646 vobis,
335 2594 532 2647 quoniam
570 2597 612 2634 et
648 2606 672 2633 a
698 2592 943 2633 Diomnesto
980 2593 1069 2633 solo
1107 2592 1246 2633 officia
1279 2593 1352 2633 illa
1386 2595 1718 2645 praestabuntur

172 2676 215 2713 et
240 2672 376 2713 'bonis
420 2672 646 2723 publicatis
675 2683 883 2722 nusquam
918 2670 983 2718 uti,
1012 2670 1159 2710 licebit
1185 2683 1262 2722 per
1302 2670 1546 2713 delatores.“
1610 2686 1715 2724 quae

172 2763 302 2802 quum
330 2749 392 2798 ita,
417 2748 514 2799 sint,
540 2761 626 2789 non
653 2747 802 2789 dubito
832 2747 1085 2788 contendere
1113 2746 1162 2789 τὰ
1189 2748 1498 2801 παρεληλυθότα,
1536 2762 1715 2801 quorum

170 2826 405 2868 facinorum
439 2826 489 2880 ἐξ
526 2827 585 2877 18,
623 2827 670 2866 19
706 2825 863 2866 mentio
892 2825 952 2876 fit,
986 2838 1072 2866 non
1106 2826 1159 2865 ad
1195 2829 1365 2879 gentem
1400 2826 1547 2867 Niciae
1580 2830 1714 2867 totam

170 2904 244 2947 sed
272 2904 326 2946 ad
352 2905 592 2956 Eucratem,
612 2904 791 2947 oratoris
810 2908 987 2958 patrem,
1015 2904 1236 2947 referenda
1252 2918 1354 2947 esse.
1395 2907 1522 2959 atque
1549 2918 1711 2947 summo
