1895 3322
920 135 976 183 12

167 260 290 305 αὑτῶν
326 261 497 315 εὐνοίας,
536 260 690 314 ἑτέρους
723 265 853 310 κακῶς
894 265 1101 310 ποιοῦντας
1134 280 1169 304 κ.
1198 280 1230 304 τ.
1260 268 1290 304 λ.
1332 264 1477 316 itaque
1519 264 1719 316 quoniam

166 342 390 382 Poliochus
426 355 475 382 ea
511 341 681 393 quidem
718 343 874 391 aetate,
909 354 993 392 qua
1027 341 1159 381 altera
1194 353 1319 381 causa
1346 344 1440 382 acta
1467 345 1543 392 est,
1569 341 1718 393 populi

168 432 312 461 amans
340 420 488 461 haberi
509 419 690 470 volebat,
718 419 820 459 mihi
840 418 1089 460 incredibile
1107 418 1275 460 videtur
1301 432 1397 460 eum
1415 419 1567 471 ipsum,
1587 432 1718 471 quum

167 497 264 537 filiis
293 497 490 537 Eucratis
520 497 678 536 amicus
707 499 828 546 esset,
856 499 1071 536 auctorem
1098 496 1226 537 fuisse
1260 500 1308 537 ut
1341 497 1526 548 priorem
1551 497 1715 538 obtine·

165 577 261 615 rent
289 588 470 615 causam.
516 588 616 614 sane
644 577 786 626 potest
806 573 903 624 dici,
931 573 1179 614 Poliochum
1207 573 1297 621 τοὺς
1326 571 1716 627 gpxougservandos

167 652 443 705 proposuisse
470 656 519 693 ut
546 652 706 692 iudices
736 651 908 692 doceret
936 664 979 691 se
1007 652 1165 703 populo
1186 652 1366 692 amicum
1393 665 1500 703 esse3
1528 652 1602 692 sed
1629 650 1717 693 sive

165 731 220 770 ob
250 730 358 770 hanc
392 744 482 770 rem
512 731 599 771 sive
627 732 803 781 propter
833 741 892 779 ea,
930 742 1036 780 quae
1064 728 1191 769 modo
1221 729 1328 780 dixi,
1353 712 1578 769 Poliochus
1606 728 1716 769 filios

166 808 367 848 Euoratis
397 808 600 858 defendit,
628 821 758 858 quum
788 806 841 847 de
867 807 1069 846 Poliocho
1099 807 1345 858 disputaret,
1381 808 1540 847 oratori
1574 807 1714 848 dicen-

167 884 269 926 dum
295 885 397 926 fuit,
417 899 502 937 qua
527 898 574 925 re
601 885 673 925 ille
701 885 936 925 commotus
966 867 1089 925 aliter
1116 887 1242 936 atque
1270 887 1391 926 antea
1419 884 1471 925 de
1500 882 1646 925 eadem
1672 897 1718 925 re

166 962 352 1002 sentiret.
411 958 569 1003 dixerit
597 962 809 1013 quispiam
835 961 1024 1012 priorem
1052 962 1254 1002 orationis
1282 966 1446 1013 partem
1472 961 1648 1013 periisse
1675 964 1718 1001 et

166 1041 211 1080 in
239 1054 286 1081 ea
315 1040 485 1093 quidem
513 1044 634 1092 parte
662 1040 736 1080 has
764 1052 830 1080 res
859 1040 1071 1091 expositas
1100 1039 1238 1081 fuisse.
1293 1039 1367 1079 sed
1394 1038 1476 1097 hoc
1509 1037 1613 1078 mihi
1641 1037 1715 1078 du-

166 1117 284 1157 bium
313 1118 493 1159 videtur.
551 1131 598 1158 ea
627 1118 737 1158 enim
767 1118 969 1158 orationis
997 1121 1117 1170 parte
1137 1121 1280 1158 orator
1307 1130 1400 1158 mea
1428 1116 1595 1169 quidem
1624 1129 1715 1156 sen·

166 1196 301 1236 tentia
330 1196 620 1237 demonstrare
649 1200 822 1236 conatus
852 1198 927 1246 est,
953 1195 1091 1248 legem
1125 1197 1335 1236 bonorum
1362 1195 1725 1249 publicandorum

166 1286 190 1311 a
217 1273 420 1313 Poliocho
451 1277 599 1313 contra
628 1274 740 1325 leges
769 1274 898 1313 latam
927 1276 969 1313 et
1000 1274 1227 1314 transitum
1256 1274 1357 1315 fecit
1384 1275 1437 1314 ad
1466 1275 1717 1324 docendum,

169 1364 246 1390 nec
275 1364 351 1402 per
379 1351 586 1391 maiorum
614 1352 764 1391 merita
792 1351 835 1390 in
863 1364 953 1390 rem
980 1352 1195 1403 publicam
1215 1353 1327 1392 bona
1353 1352 1564 1403 publicari
1591 1352 1718 1392 licere

166 1441 243 1468 nec
278 1428 539 1479 reipublicae
573 1428 905 1480 publicationem
943 1429 1150 1469 bonorum
1187 1429 1361 1469 utilitati
1397 1428 1581 1469 futuram
1617 1442 1717 1469 esse.

167 1510 209 1546 ct
238 1520 345 1557 quae
375 1510 565 1546 extrema
591 1508 726 1558 posui,
757 1520 804 1547 ea
833 1508 1038 1547 orationis
1058 1510 1178 1558 parte
1208 1520 1333 1558 quam
1361 1507 1562 1546 traditam
1589 1507 1714 1546 habe-

165 1597 257 1624 mus
289 1584 482 1637 exposita
509 1588 617 1625 sunt.

268 1714 400 1754 Porro
427 1713 688 1755 Hamakerus
715 1716 986 1756 scribendum
1015 1728 1104 1754 esse
1132 1715 1334 1766 ἐζημίωσα
1360 1715 1602 1770 proposuit.;
1641 1714 1715 1753 sod

165 1790 270 1831 haec
297 1790 467 1831 dicendi
493 1792 601 1832 ratio
630 1796 694 1833 est
716 1792 896 1833 hominis
925 1792 1161 1844 arrogantis
1198 1795 1240 1832 et
1268 1791 1341 1842 qui
1368 1791 1609 1831 innocentia
1636 1791 1715 1832 fre-

166 1873 232 1909 tus
261 1870 468 1921 glorietur
488 1871 602 1922 quod
630 1872 712 1922 ipsi
737 1871 966 1923 contigerit
985 1875 1033 1911 ut
1060 1870 1235 1910 consilia
1254 1869 1521 1909 inimicorum
1541 1869 1713 1911 deleret.

165 1960 213 1987 ca
242 1951 381 1987 autem
410 1948 574 1988 ratione
603 1949 663 1988 uti
683 1948 780 1988 filiis
808 1949 1004 1989 Eucratis
1036 1961 1121 1988 non
1149 1947 1281 1997 licuit,
1311 1947 1384 1999 qui
1412 1946 1585 1998 aliquod
1601 1944 1712 1997 'pec-

166 2028 307 2064 catum
349 2040 373 2064 a
418 2027 609 2078 cognatis
660 2027 703 2066 in
743 2026 947 2077 populum
998 2038 1086 2065 esse
1128 2025 1395 2064 commissum
1436 2024 1716 2064 concederent

167 2102 205 2155 (ξ
235 2103 299 2154 18)
331 2102 488 2155 quique
517 2103 782 2155 supplicibus
810 2104 948 2145 verbis
977 2104 1021 2143 in
1050 2104 1182 2143 altera
1210 2115 1334 2142 causa
1361 2115 1384 2142 a
1403 2102 1613 2142 iudicibus
1642 2115 1714 2153 pe-

166 2185 306 2221 terent
333 2185 381 2221 ut
408 2182 582 2233 publica
610 2182 701 2222 fieri
733 2183 843 2223 bona
871 2186 1074 2223 vetarent.
1122 2181 1194 2232 qui
1222 2181 1255 2220 si
1283 2181 1364 2232 ipsi
1393 2184 1585 2220 auctores
1614 2179 1713 2219 fui's-

165 2263 259 2299 sent
287 2263 334 2299 ut
362 2260 548 2311 priorem
577 2273 747 2300 causam
768 2260 1023 2310 obtinerent,
1050 2260 1094 2299 id
1123 2259 1237 2311 quod
1265 2260 1466 2311 ἐζημίωσα
1492 2246 1715 2312 significat,

166 2336 245 2377 hac
274 2338 466 2378 oratione
504 2350 588 2377 non
618 2342 705 2378 tam
733 2338 999 2389 supplicibus
1042 2338 1106 2377 usi
1135 2341 1273 2378 essent
1309 2337 1447 2378 verbis
1477 2340 1604 2388 atque
1630 2348 1713 2375 uno

166 2417 280 2455 certe
314 2415 444 2455 verbo
483 2415 545 2455 rei
580 2428 782 2466 prospere
820 2418 963 2467 gestae
998 2416 1253 2455 mentionem
1288 2414 1496 2464 fecissent.
1552 2412 1716 2453 accedit

164 2494 301 2544 etiam,
329 2494 365 2532 si
392 2493 620 2534 Hamakeri
648 2494 890 2533 coniectura
917 2493 1146 2545 probatur,
1175 2492 1288 2545 quod
1319 2490 1337 2535 ὃ
1367 2491 1598 2547 βουλόμενος
1624 2490 1715 2532 τότε

160 2569 229 2623 τὴν
256 2573 326 2625 γῆν
346 2568 537 2624 ἡμετέραν
558 2573 752 2623 δημοσίαν
771 2573 933 2625 ποιῆσαι
953 2571 1064 2612 idem
1086 2575 1213 2623 atque
1233 2573 1311 2613 νυνὶ
1330 2570 1495 2613 κελεύων
1516 2572 1712 2622 δημεῦσαι

163 2650 375 2700 putandus
405 2653 480 2691 est.
510 2650 590 2689 hoc
620 2662 705 2689 non
733 2662 856 2700 posse
876 2650 1068 2698 iudicari,
1087 2663 1138 2689 ex
1158 2650 1431 2701 sequentibus
1451 2648 1714 2700 apertissime

165 2728 400 2780 apparebit.
453 2741 565 2769 nunc
595 2728 766 2780 quidem
795 2732 943 2770 contra
979 2728 1158 2770 duorum
1185 2728 1353 2770 illorum
1390 2727 1713 2780 participiorum

163 2819 318 2846 nexum
347 2806 392 2845 id
420 2806 581 2846 dictum
610 2807 717 2856 volo,
745 2807 966 2858 particulis
987 2806 1078 2848 τότε
1106 2809 1148 2846 et
1175 2808 1254 2847 νυνί
1282 2806 1392 2846 inter
1420 2819 1464 2846 se
1493 2804 1713 2856 oppositis,

163 2884 276 2927 idem
305 2884 542 2927 subiectum
571 2897 660 2926 esse
689 2885 971 2927 statuendum.
