1895 3322
955 158 1073 213 14,

208 284 517 337 attingendum.
564 297 612 325 ac
641 298 693 325 ne
721 285 869 336 Lysias
891 285 1074 337 quidem,
1103 287 1176 338 qui
1195 297 1273 337 pro
1294 287 1376 327 reis
1399 289 1630 329 orationem
1650 290 1757 330 hanc

208 362 427 415 scripsisse
455 362 623 419 dicitur,
650 363 754 403 iuris
782 363 942 415 peritus
973 367 1084 404 esset
1110 363 1371 404 iudicandus.

312 466 575 519 Quamquam
609 479 688 507 nec
721 466 868 518 Lysias
901 480 980 507 nec
1008 468 1089 519 qui
1115 467 1223 508 hanc
1251 470 1486 510 orationem
1520 471 1668 512 habuit
1694 486 1757 513 re-

211 545 505 597 prehendendi
532 548 672 586 essent
699 545 813 596 quod
833 546 875 585 in
895 545 1143 586 Poliochum
1170 559 1255 587 non
1283 551 1421 589 essent
1447 550 1615 600 invecti,
1644 552 1757 602 quod

212 637 344 675 quum
380 624 525 675 priore
559 636 685 663 causa
721 623 962 671 cecidisset,
1003 627 1145 663 tamen
1179 624 1356 664 alterum
1396 626 1599 667 iudicium
1642 641 1756 668 exer-

211 701 390 742 cendum
416 702 725 753 proposuisset,
753 702 788 740 si
817 700 988 740 credere
1015 701 1174 751 liceret,
1202 702 1388 752 priorem
1417 716 1584 744 causam
1621 709 1758 745 actam

211 791 303 820 esse
330 782 429 820 ante
455 792 612 820 annum
638 780 730 820 403.
783 791 881 818 nam
910 778 1075 819 etiamsi
1104 783 1324 820 accusator
1343 794 1426 821 non
1455 782 1581 822 modo
1607 783 1758 824 multa-

211 861 280 898 tus
315 860 426 898 esset
459 858 575 897 mille
608 856 839 905 drachmis,
876 856 948 895 sed
985 857 1112 895 etiam
1147 858 1297 908 capitis
1327 860 1585 908 deminutus,
1619 864 1760 901 tamen

211 936 400 976 licuisset
424 935 601 976 alteram
628 947 755 987 agere
774 935 955 983 causam,
984 947 1110 984 quam
1129 938 1228 985 post
1254 935 1431 987 triginta
1458 937 1571 977 viros
1605 938 1760 978 eiectos

212 1014 283 1066 agi
316 1015 496 1054 constat.
526 1011 592 1064 (cf.
613 1012 662 1065 ἓξ
686 1013 746 1061 13,
767 1012 826 1062 18,
856 1013 931 1065 19).
978 1013 1216 1063 accepimus
1246 1014 1356 1053 enim
1386 1015 1438 1054 ab
1459 1015 1759 1070 Andocide,¹¹)

213 1091 491 1132 Athenienses
520 1090 607 1132 ἐπεὶ
634 1088 675 1131 αἱ
702 1090 792 1142 νῆες
820 1089 1045 1141 ἐφθάρησαν
1074 1092 1141 1132 καὶ
1168 1089 1192 1142 ἦ
1221 1094 1423 1144 πολιορκία
1451 1093 1601 1144 ἐγένετο
1630 1093 1667 1146 (ξ
1699 1095 1760 1147 73)

214 1169 454 1211 Patroclide
473 1172 647 1210 auctore
674 1168 908 1209 decrevisse
933 1171 991 1218 ut,
1013 1169 1085 1220 qui
1106 1171 1255 1222 capitis
1278 1171 1483 1211 deminuti
1512 1175 1664 1221 essent,
1690 1185 1760 1212 eos

210 1248 494 1289 restituerent.
540 1247 658 1286 cuius
678 1246 872 1286 beneficii
901 1259 997 1286 cum
1024 1247 1095 1286 alii
1122 1250 1213 1287 tum
1240 1249 1283 1299 ii,
1312 1249 1465 1300 quibus
1493 1261 1578 1288 non
1605 1249 1763 1289 licebat

212 1325 524 1366 accusationem
552 1337 818 1376 componere,
845 1325 1074 1376 participes
1104 1324 1205 1365 facti
1235 1329 1334 1366 sunt
1362 1326 1400 1379 (ξ
1429 1327 1511 1375 76).
1568 1327 1603 1366 si
1630 1327 1762 1379 igitur

217 1405 346 1445 statui
372 1404 532 1453 liceret,
558 1402 668 1443 filios
696 1393 893 1442 Eucratis
922 1414 1090 1441 causam
1118 1402 1352 1443 obtinuisse
1381 1406 1477 1443 ante
1504 1417 1659 1443 annum
1686 1405 1762 1444 403

217 1486 345 1533 atque
365 1494 496 1533 quum
523 1480 701 1533 triginta
729 1479 830 1520 viris
861 1478 1109 1520 florentibus
1146 1494 1273 1532 penes
1302 1481 1506 1533 populum
1542 1494 1627 1521 non
1655 1486 1764 1522 esset

217 1559 304 1599 ulla
329 1561 517 1610 potestas
545 1561 642 1598 ante
675 1559 772 1607 404,
808 1558 1056 1598 Poliochum
1083 1559 1127 1597 in
1157 1571 1300 1599 eorum
1328 1565 1501 1599 numero
1537 1559 1667 1599 fuisse
1692 1573 1761 1599 ne-

220 1648 334 1676 cesse
368 1638 477 1685 erat,
513 1635 666 1686 quibus
701 1636 795 1687 lege
831 1635 905 1675 illa
946 1636 1171 1676 oblivionis
1214 1636 1298 1675 lata
1335 1636 1506 1675 civitate
1541 1637 1687 1676 utendi
1722 1641 1763 1677 et

219 1727 387 1754 rursum
416 1726 562 1754 causas
592 1713 744 1765 agendi
773 1713 949 1753 facultas
979 1713 1077 1753 data
1107 1717 1208 1753 erat.

317 1802 438 1858 Haec
473 1830 540 1858 res
575 1817 707 1870 igitur
742 1817 776 1856 si
816 1818 875 1856 ita
911 1830 954 1856 se
989 1816 1175 1866 haberet,
1208 1817 1350 1868 priore
1387 1816 1547 1857 iudicio
1576 1818 1761 1858 Euerate

216 1897 310 1948 ipso
338 1896 435 1935 vivo
454 1907 548 1935 reos
576 1895 825 1935 absolvisset
853 1895 1033 1946 populus
1063 1894 1330 1935 Atheniensis
1359 1898 1484 1946 atque
1512 1896 1764 1936 illustrasset

217 1975 505 2015 innocentiam
545 1974 693 2024 patris,
758 1987 840 2024 quo
890 1974 1003 2014 facto
1045 1986 1129 2012 non
1176 1974 1328 2012 mirum
1378 1978 1441 2012 est
1491 1974 1604 2024 quod
1644 1974 1762 2013 illum

219 2064 365 2105 pugna
392 2051 532 2092 navali
566 2051 640 2091 illa
665 2052 774 2092 male
801 2050 913 2091 facta
947 2051 1096 2103 ducem
1132 2051 1401 2092 renuntiavit.
1457 2064 1504 2090 ea
1532 2054 1671 2091 autem
1700 2065 1762 2091 re-

219 2133 414 2181 pugnant
449 2130 608 2178 verbis,
651 2130 804 2180 quibus
840 2130 892 2169 de
933 2133 1108 2180 peccato
1150 2129 1282 2178 patris
1326 2131 1481 2167 orator·
1505 2129 1625 2168 dixit.
1667 2142 1763 2167 nam

222 2207 334 2248 filius
355 2206 552 2247 Eucratis
572 2220 596 2247 a
615 2206 827 2247 iudicibus
847 2207 1000 2259 petivit
1027 2220 1078 2247 ne
1098 2206 1241 2246 multis
1263 2205 1380 2245 annis
1401 2205 1698 2256 praeterlapsis
1718 2204 1766 2247 τὰ

219 2284 515 2337 παρεληλυθότα
533 2285 571 2338 (ἓ
591 2286 659 2333 18)
681 2284 995 2325 ulciscerentur.
1018 2284 1069 2326 cf.
1090 2285 1112 2337 ξ
1135 2286 1195 2324 19.
1242 2284 1369 2324 καίτοι
1398 2284 1539 2323 πλείων
1561 2282 1764 2335 συγγνώμη

223 2369 475 2415 μνησικακεῖν
508 2363 646 2403 νεωστὶ
682 2360 1005 2414 κατεληλυὲῐόσιν,
1042 2363 1098 2403 ἔτι
1126 2365 1195 2414 τῆς
1230 2359 1345 2415 ὀργῆς
1380 2358 1498 2412 οὔσης
1524 2360 1765 2413 προσφάτου,

222 2436 247 2494 ἢ
277 2438 454 2494 τοσούτῳ
465 2439 608 2494 ς,χρόνῳ
626 2436 787 2492 ὕστερον
817 2440 881 2481 ἐπὶ
901 2442 1087 2492 τιμωρίαν
1106 2441 1178 2481 τῶν
1198 2438 1519 2491 παρεληλυὲότων
1538 2441 1766 2491 τραπέσῗῢαι.

225 2532 278 2559 ex
304 2518 384 2557 hac
402 2518 535 2570 igitur
563 2518 730 2558 dicendi
750 2519 913 2557 ratione
942 2519 1078 2557 elucet
1104 2518 1308 2568 populum
1336 2530 1421 2556 non
1439 2517 1565 2556 modo
1594 2518 1769 2556 crimine

223 2595 305 2636 hoc
332 2593 562 2636 Eucratem
588 2607 675 2635 non
703 2594 943 2644 absolvisse,
979 2593 1052 2635 sed
1081 2594 1207 2634 etiam
1234 2597 1332 2644 post
1359 2593 1542 2634 reditum
1571 2607 1593 2634 e
1622 2594 1768 2634 Piraeo

225 2670 399 2722 aliquod
433 2670 637 2711 iudicium
673 2671 725 2711 de
766 2672 844 2711 hac
879 2684 925 2711 re
952 2671 1090 2711 facere
1123 2671 1322 2722 potuisse.
1376 2672 1560 2722 priorem
1598 2672 1769 2723 quidem

226 2760 395 2789 causam
423 2748 486 2788 rei
515 2748 791 2789 obtinuerunt
819 2749 907 2788 sine
936 2749 1078 2799 dubio,
1115 2749 1229 2799 quod
1256 2749 1437 2799 populus
1467 2750 1558 2789 iure
1592 2749 1769 2789 iurando

1482 2918 1509 2938 Χ

334 2946 393 2998 ¹¹)
422 2958 481 2986 or.
511 2945 563 2985 de
590 2944 696 2995 prof.
726 2945 846 2994 myst.
878 2943 929 2997 ἐξ
958 2946 1018 2993 75,
1048 2945 1109 2982 76.
