1895 3322
929 129 990 176 25

248 310 252 312 Ἴ
287 260 355 299 Ex
371 257 605 299 Andocidis
627 257 797 308 quidem
819 255 1008 296 oratione
1036 269 1143 307 quae
1168 254 1415 295 inscribitur
1442 257 1554 306 ,,περὶ
1581 271 1727 306 μυστη-

183 319 605 390 ptmv“intellegimus,
633 335 680 374 in
707 347 853 375 eorum
870 346 1044 374 numero
1075 346 1255 385 quorum
1276 332 1446 373 nomina
1474 332 1525 371 de
1555 345 1728 372 conver—

181 416 236 454 sis
264 414 419 454 hermis
446 414 485 466 (ξ
506 414 572 466 34)
598 412 651 452 ad
670 415 861 451 senatum
882 412 1020 451 delata
1040 416 1149 460 sunt,
1171 411 1400 450 Eucratem
1431 410 1729 461 quenda-mv),

188 493 228 546 (ξ
255 492 321 545 47)
350 491 496 532 Niciae
530 490 677 541 filium,
704 489 843 539 fuisse,
884 503 1009 541 quem
1044 502 1140 528 cum
1174 488 1348 539 reliquis
1376 486 1629 538 propinquis
1658 487 1728 526 ab·

188 570 373 610 solutum
409 582 498 609 esse
531 567 772 607 Andocides
801 568 1029 607 memoriae
1058 566 1261 617 prodidit.
1317 565 1371 604 ad
1401 578 1526 616 quam
1562 578 1730 603 causam

185 651 407 698 peccatum
444 646 668 698 quominus
697 644 946 694 reseramus,
983 648 1025 684 et
1052 643 1157 683 illud
1185 656 1260 683 nos
1289 642 1479 694 impedit,
1508 642 1621 694 quod
1649 642 1730 681 reis

186 724 393 764 absolutis
428 718 513 763 nen
549 726 660 772 erat,
697 722 811 773 quod
840 722 952 761 bona
979 722 1320 772 publicarentur,
1357 720 1516 769 etipsa
1553 719 1731 758 oratoris

185 802 315 841 verba
343 801 407 854 (ἐξ
439 802 498 850 18,
526 802 589 853 19)
625 801 703 842 ἐπὶ
738 801 966 852 τιμωρίαν
994 802 1066 840 τῶν
1094 797 1414 850 παρεληλυὲότων
1456 797 1731 848 τραπέσθαι

185 879 370 922 obstant.
427 880 641 931 postremo
683 877 895 927 crederes,
933 877 1068 917 scelus
1112 877 1252 917 nescio
1296 875 1410 927 quod
1450 876 1502 915 ab
1546 875 1732 914 Eucrate

188 956 458 995 commissum
492 969 581 995 esse
617 956 753 1006 spatio
789 955 1011 1006 temporis,
1040 954 1154 1006 quod
1183 959 1246 995 est
1282 954 1392 995 inter
1432 954 1593 994 cladem
1622 954 1730 995 Sici-

183 1034 357 1074 liensem
385 1020 602 1085 acceptam
631 1038 673 1074 et
701 1047 855 1073 annum
883 1035 979 1084 4043
1007 1033 1189 1074 fortasse
1216 1047 1346 1074 unum
1376 1046 1426 1073 ex
1448 1032 1730 1085 quadringen-

183 1112 238 1151 tis
271 1125 365 1151 eum
406 1111 546 1151 fuisse.
601 1112 674 1151 sed
710 1112 808 1151 huic
851 1112 1093 1163 explicandi
1136 1112 1292 1151 rationi
1331 1116 1571 1163 repugnant
1611 1111 1731 1151 haec:

184 1190 367 1240 primum
404 1189 702 1241 quadringenti
738 1189 992 1241 fugerunt
1032 1192 1074 1228 et
1105 1189 1285 1229 Athenis
1315 1190 1449 1240 captis
1478 1190 1566 1229 sine
1602 1188 1732 1227 dubio

184 1267 371 1307 revocati
399 1268 585 1319 sunt2⁵).
625 1267 739 1318 quod
779 1267 814 1306 si
842 1267 1060 1316 Euerates,
1100 1281 1229 1318 quum
1257 1268 1302 1307 in
1329 1280 1502 1306 numero
1534 1267 1730 1318 quadrin—

184 1348 408 1396 gentorum
436 1347 555 1393 esset,
586 1345 682 1383 exul
709 1344 845 1384 factus
874 1349 949 1394 est,
979 1345 1097 1384 clade
1117 1345 1299 1384 maxima
1327 1348 1502 1396 accepta
1530 1344 1619 1383 fieri
1647 1357 1732 1383 non

184 1423 326 1473 potuit
353 1425 400 1461 ut
427 1421 514 1461 dux
542 1422 867 1463 renuntiaretur.
916 1436 1013 1462 nam
1043 1436 1094 1462 ex
1113 1423 1406 1475 Xenophontis
1435 1422 1650 1461 hellenicis
1681 1422 1731 1470 11,

184 1503 220 1550 2,
251 1502 278 1539 4
304 1504 421 1540 recte
450 1499 694 1553 Curtiusw)
724 1500 954 1540 coniecisse
982 1501 1164 1551 videtur,
1193 1501 1320 1540 duces
1340 1501 1482 1552 paullo
1504 1506 1600 1552 post
1627 1514 1729 1539 nun-

185 1579 292 1618 tium
322 1578 373 1618 de
400 1578 472 1617 illa
501 1578 621 1618 clade
659 1582 879 1629 acceptum
916 1582 1079 1619 creatos
1109 1592 1209 1619 esse.
1263 1593 1398 1630 neque
1435 1593 1485 1618 cx
1515 1579 1660 1618 eadem
1688 1592 1732 1617 re

186 1656 478 1697 coniciendum
499 1656 678 1705 videtur,
708 1670 836 1708 quum
865 1656 910 1696 in
930 1656 1034 1697 urbe
1060 1661 1308 1707 versaretur,
1337 1657 1565 1697 Eucratem
1585 1657 1627 1696 in
1655 1669 1729 1707 po-

184 1735 333 1786 pulum
360 1734 612 1785 peccavisse.
667 1748 762 1773 nam
791 1736 827 1774 si
855 1735 916 1775 ita
944 1738 1064 1783 esset,
1094 1748 1145 1775 ex
1172 1736 1312 1775 verbis
1346 1736 1411 1776 ἐπὶ
1439 1738 1624 1786 τιμωρίαν
1658 1737 1730 1776 τῶν

185 1812 507 1865 παρεληλυὲότων
527 1814 745 1865 τραπέσὲῒαι
766 1815 1002 1864 appareret,
1026 1812 1253 1853 Eucratem
1283 1811 1336 1852 ad
1364 1812 1407 1851 id
1434 1815 1599 1863 tempus
1628 1825 1729 1851 non-

185 1891 285 1930 dum
313 1890 508 1942 punitum
536 1890 665 1931 fuisse
693 1891 752 1942 (id
782 1891 895 1942 quod
922 1891 993 1930 vix
1015 1891 1128 1931 credi
1153 1891 1307 1942 potest)
1338 1903 1473 1940 neque
1500 1890 1729 1930 Athenien-

184 1981 252 2008 ses
288 1981 381 2008 eum
418 1971 631 2008 creassent
660 1968 823 2007 ducem.
878 1967 941 2006 sin
970 1980 1127 2019 poenas
1157 1967 1352 2018 dedisset,
1379 1968 1490 2007 cives
1527 1967 1578 2007 de
1614 1968 1733 2007 clade

185 2047 257 2086 illa
286 2046 486 2086 certiores
523 2046 637 2096 facti,
674 2061 802 2098 quum
831 2044 970 2098 ἄτιμος
1006 2050 1133 2095 esset,
1168 2050 1256 2086 tum
1297 2046 1467 2100 quidem
1501 2046 1729 2087 Eucratem

190 2124 339 2163 ducem
384 2136 526 2163 creare
568 2136 652 2163 non
691 2126 1006 2176 potum-nutv).
1066 2137 1195 2175 quum
1232 2127 1372 2163 autem
1411 2123 1642 2173 Lysander,
1686 2129 1732 2163 ut

187 2204 331 2239 narrat
366 2200 609 2251 ‚Xenophon
645 2202 695 2249 11,
724 2204 760 2249 2,
795 2204 853 2250 10,
888 2202 1076 2242 Athenas
1114 2202 1336 2241 obsidione
1372 2201 1732 2251 circumdedisset,

185 2276 423 2316 Patroclide
459 2280 630 2317 auctore
669 2281 758 2317 tum
795 2278 964 2319 demum
1005 2279 1222 2319 decretum
1266 2282 1330 2318 est
1365 2282 1412 2318 ut
1445 2279 1555 2318 cives
1593 2279 1730 2329 capite

185 2354 391 2394 deminuti
418 2353 600 2393 civitatis
630 2355 858 2406 participes
887 2355 1047 2395 fierent.
1102 2370 1153 2395 ex
1182 2357 1262 2395 hoc
1296 2356 1429 2408 igitur
1465 2356 1657 2407 sequitur
1686 2358 1733 2394 ut

186 2446 315 2484 quum
343 2432 429 2471 dux
457 2435 585 2482 esset,
621 2446 727 2483 quae
764 2447 829 2473 res
858 2435 1016 2473 oratori
1047 2435 1226 2474 multum
1260 2433 1461 2473 momenti
1489 2433 1644 2474 habero
1672 2434 1730 2473 vi-

185 2509 327 2559 detur,
368 2509 593 2550 Eucratem
637 2523 772 2561 neque
803 2511 967 2552 exulem
1009 2512 1136 2551 fuisse
1179 2524 1316 2563 neque
1358 2511 1522 2551 etiamsi
1555 2512 1597 2550 in
1626 2512 1731 2550 urbe

185 2587 423 2636 mansisset,
460 2600 616 2637 poenas
653 2589 716 2626 rei
757 2589 1058 2640 cuiuscumque
1092 2589 1351 2639 reipublicae
1388 2590 1537 2628 noxiae
1566 2589 1730 2628 dedisse

185 2668 394 2714 putemus.
448 2664 614 2703 accedit
642 2665 768 2715 quod,
805 2679 900 2706 cum
929 2671 1072 2706 orator
1101 2667 1123 2719 ξ
1154 2668 1201 2706 18
1236 2666 1284 2707 τὰ
1312 2666 1605 2717 παρεληλυὲότα
1632 2680 1729 2705 cum

185 2741 324 2780 verbis
363 2743 435 2783 τῶν
476 2743 738 2793 γεγενημένων
781 2744 1067 2793 coniunxerit,
1110 2757 1158 2783 ea
1205 2744 1249 2783 in
1278 2757 1368 2784 eam
1411 2747 1605 2793 aetatem,
1648 2756 1730 2793 qua

292 2875 357 2924 24)
385 2873 515 2912 Blass.
544 2885 584 2923 p.
613 2873 700 2920 523,
735 2871 956 2911 Hamaker.
996 2886 1036 2923 p.
1069 2875 1129 2912 64.
1186 2875 1250 2919 ²⁵)
1279 2873 1441 2915 Andoc.
1478 2874 1508 2913 I.
1539 2873 1561 2924 ξ
1590 2874 1652 2914 80.
1681 2895 1731 2902 —-

188 2925 250 2978 ²⁰)
280 2925 376 2965 hist.
409 2924 554 2964 Graec.
582 2923 635 2964 11.
663 2937 703 2974 p.
735 2923 821 2964 708.
879 2925 939 2976 27)
967 2924 1128 2964 Andoc.
1157 2925 1189 2964 1.
1216 2924 1239 2975 ξ
1267 2926 1328 2964 73.
