1895 3322
916 125 976 173 37

174 265 258 309 Βείς
285 259 554 314 probandum
582 255 750 294 videtur
779 254 893 306 quod
927 253 972 295 τὸ
1003 251 1072 295 οὐκ
1101 254 1286 306 ἐῇελῆσαι
1320 266 1404 293 11011
1438 256 1494 307 τῷ
1523 253 1722 307 αἱρεὲῑῆναι

175 340 247 381 sed
269 342 327 391 τῷ
345 339 536 388 κληξῖῆναι
559 333 718 384 opponi
741 335 893 384 potest.
924 345 973 371 ac
990 336 1194 383 quantum
1218 345 1269 372 ex
1284 335 1497 372 structura
1515 333 1722 371 enuntiati

177 430 283 469 quae
304 419 368 456 est
387 416 432 454 in
452 413 561 452 libro
585 410 873 461 manuscripto
895 409 1122 461 colligitur,
1142 409 1270 449 verba
1291 407 1361 449 οὐκ
1446 410 1653 459 μέλλοντας
1669 408 1722 447 ad

178 476 526 536 ούκ...πείὲεσξ1αι
550 487 769 528 referenda
792 487 989 527 videntur
1012 490 1053 525 et
1075 484 1170 526 ἀλλὰ
1190 497 1284 524 cum
1312 487 1438 526 εἵλετο
1466 485 1723 537 coniungen-

179 572 292 612 dum.
334 577 591 621 quamquam
618 564 698 603 hoo
726 564 770 603 in
807 563 1116 604 dubitationem
1142 563 1350 612 vocarim;
1379 565 1482 613 puto
1512 563 1623 602 enim
1655 560 1722 603 οὐκ

177 644 550 696 ἀπελαυνόμενος
569 641 776 692 μέλλοντας
796 642 837 679 et
856 639 999 687 ἐξόν...
1017 638 1207 680 δύνασθαι
1230 639 1340 678 inter
1366 652 1408 678 se
1432 640 1590 691 opponi
1606 644 1647 679 et
1671 641 1723 679 ad

179 724 354 764 verbum
384 723 510 762 εἵλετο
538 721 767 768 utrumque
788 716 1052 756 enuntiatum
1080 717 1302 767 pertinere.
1333 729 1440 766 quae
1469 717 1504 755 si
1531 717 1590 756 ita
1617 722 1726 767 sunt,

180 802 309 842 verba
327 797 519 852 ἦξτέλησεν
540 799 582 836 et
603 797 729 837 εἵλετο
751 795 835 834 ulla
855 794 1152 834 coniunctione
1173 797 1335 842 carent3
1356 794 1498 844 itaque
1519 793 1727 833 Francke-

181 879 274 917 nius
304 878 358 929 (p.
391 876 480 927 127)
512 872 608 918 ἀλλὰ
635 876 734 924 post
753 874 960 913 πείὲτεσξται
980 872 1244 911 intercidisse
1272 875 1395 922 putat
1414 875 1457 910 et
1475 872 1564 922 ipse
1586 872 1726 912 Schei-

176 956 344 1005 bius39)
382 954 443 1002 „si
479 953 684 991 alterutra
721 950 1061 990 emendationum
1096 949 1271 1000 Kayseri
1309 949 1577 998 admittatur,
1613 956 1727 989 certe

177 1030 272 1074 ἀλλὰ
299 1032 365 1071 vel
393 1033 459 1072 καὶ
480 1028 834 1081 interponendum
855 1028 934 1068 erit
954 1031 1052 1079 post
1079 1029 1300 1079 πείθεσξῐαι,
1332 1032 1377 1068 ut
1405 1029 1471 1069 καὶ
1501 1028 1538 1068 ἐν
1559 1028 1726 1082 τοιούτῳ

178 1111 301 1160 καιρῷ
340 1109 500 1158 κληξῖείς
541 1107 793 1145 cohaereant
834 1118 930 1145 cum
972 1118 1019 1145 eo
1064 1106 1177 1155 quod
1218 1106 1327 1144 infra
1369 1107 1560 1156 sequitur
1597 1107 1725 1146 verbo

179 1190 343 1229 εἵλετο.“
399 1187 434 1225 si
472 1186 547 1225 hos
588 1186 699 1224 viros
738 1185 885 1224 doctos
924 1185 1151 1235 sequimur,
1195 1188 1419 1234 utrumque
1455 1185 1726 1235 participium

180 1262 405 1318 (ᾑρημένος,
436 1261 791 1314 παρακαλούμενος)
820 1275 905 1301 11011
933 1262 977 1300 in
997 1261 1170 1301 eandem
1199 1262 1448 1301 sententiam
1470 1263 1605 1313 accipi
1636 1268 1726 1314 pot-

181 1346 254 1392 est,
296 1342 369 1381 sed
416 1342 594 1381 alterum
636 1341 886 1381 sententiam
942 1342 1227 1380 concessivam
1278 1341 1493 1380 continere
1541 1342 1726 1380 videtur:

181 1433 335 1470 „quum
379 1419 465 1458 dux
507 1419 771 1458 renuntiatus
812 1423 933 1467 esset,
977 1431 1230 1468 quamquam
1274 1421 1427 1470 (saepe)
1470 1420 1729 1460 invitabatur

182 1504 310 1537 ut....
340 1502 479 1536 tamen
508 1497 644 1536 noluit
675 1497 831 1547 sequi.“
860 1501 950 1535 tum
988 1509 1086 1535 vero
1125 1495 1345 1535 offensioni
1374 1501 1471 1535 sunt
1499 1510 1582 1536 non
1604 1498 1727 1537 modo

182 1575 390 1625 particula
417 1576 483 1615 καὶ
513 1576 638 1624 (inter
665 1573 861 1627 ᾑρημένος
890 1577 955 1614 καὶ
975 1574 1332 1625 παρακαλούμενος)
1361 1574 1433 1612 sed
1454 1576 1581 1615 etiam
1602 1590 1728 1615 enun-

183 1652 334 1691 tiatum
378 1651 488 1702 quod
533 1652 734 1702 sequitur,
778 1665 861 1702 quo
905 1652 1016 1691 idem
1044 1655 1190 1702 *atque
1237 1651 1511 1700 praecedenti
1564 1652 1729 1691 dicitur.

181 1742 318 1780 neque
347 1742 436 1768 eam
466 1730 519 1768 ob
552 1742 719 1768 causam
751 1730 866 1780 quod
894 1730 1180 1769 Franckenius
1210 1730 1434 1779 proposuit
1461 1731 1728 1780 probandum

184 1807 363 1847 videtur.
418 1807 613 1859 equidem
645 1808 755 1847 enim
784 1808 934 1860 opinor
964 1808 1226 1848 enuntiatum
1257 1808 1294 1847 ἐν
1324 1804 1569 1860 τοιούτῳ....
1602 1807 1730 1861 δήμου

182 1887 320 1935 aptius
351 1886 403 1925 ad
436 1884 505 1926 οὐκ
534 1884 724 1937 ἧὲῐέλησεν
754 1885 885 1932 αὐτοῖς
920 1890 1128 1928 :sibachai
1166 1899 1289 1936 quam
1326 1887 1378 1924 ad
1416 1889 1540 1927 εἵλετο
1571 1888 1730 1936 referri,

184 1975 266 2013 quo
298 1962 561 2003 manifestius
600 1969 880 2016 cognoscatur
918 1965 1154 2004 constantia
1189 1963 1396 2003 Eucratis.
1453 1971 1493 2003 et
1532 1966 1729 2016 quoniam

184 2040 313 2080 verba
343 2038 413 2081 οὐκ
440 2038 632 2091 ἠὲςέλησεν
662 2045 703 2080 et
732 2043 857 2082 εἵλετο
888 2043 1000 2081 omni
1031 2042 1327 2081 coniunctione
1356 2048 1504 2082 carent
1533 2048 1573 2083 et
1601 2046 1729 2094 parti—

184 2117 276 2156 cula
297 2119 606 2158 coniunctionis
626 2119 848 2158 inserenda
868 2123 940 2168 est,
962 2120 1101 2170 aptius
1122 2119 1224 2158 haec
1253 2119 1462 2169 particula
1490 2123 1570 2171 καὶ,
1605 2135 1730 2172 quam

183 2194 391 2245 praefero,
420 2200 517 2236 ante
548 2194 618 2238 οὐκ
647 2194 955 2249 ἀπελαυνόμενος
989 2197 1298 2249 interponenda
1327 2196 1506 2248 videtur,
1543 2213 1729 2251 praeser-

184 2273 260 2312 tim
290 2287 419 2325 quum
449 2275 644 2316 Scheibio
675 2281 716 2316 et
745 2276 1008 2316 Franckenio
1039 2279 1283 2319 auctoribus
1318 2279 1544 2330 participia
1574 2282 1732 2330 κληὲτείς

184 2354 226 2390 et
255 2348 564 2403 ἀπελαυνόμενος
592 2357 732 2393 tamen
762 2356 1068 2395 coniunctionis
1097 2357 1327 2410 indigeant.

289 2455 450 2495 Deinde
486 2458 632 2497 aoristi
669 2456 802 2497 forma
840 2459 958 2498 verbi
1000 2461 1145 2501 ἐθέλειν
1182 2461 1404 2501 offensioni
1440 2462 1542 2501 mihi
1579 2467 1660 2511 est,
1698 2464 1731 2501 si

184 2545 279 2572 cum
307 2533 569 2575 Franckenio
598 2532 694 2577 ἀλλοὶ
723 2540 819 2576 ante
847 2537 885 2577 ἐν
913 2537 1079 2591 τοιούτῳ
1107 2540 1293 2589 ponitur,
1323 2537 1728 2591 παρακαλούμενος...

185 2606 256 2650 οὐκ
292 2608 495 2662 ἠθέλησεν.
553 2613 749 2664 equidem
786 2616 1118 2665 exspectaverim
1161 2616 1321 2656 dictum
1360 2630 1450 2657 esse
1485 2618 1711 2668 παρακαλού

184 2701 374 2737 μενος....
397 2686 465 2730 οὐκ
484 2687 614 2741 ἧὲελε,
644 2694 690 2730 ut
717 2692 845 2731 Isocr.
874 2692 973 2732 XVI
995 2694 1070 2747 ἐξ),
1099 2698 1141 2735 et
1167 2699 1345 2747 propter
1363 2695 1471 2735 hanc
1494 2697 1727 2748 analogiam

183 2763 311 2805 licere
346 2767 514 2806 videtur
543 2769 580 2808 ἐν
617 2768 785 2821 τοιούτῳ
821 2772 944 2821 καιρῷ
974 2773 1133 2821 κληὲτείς
1174 2771 1227 2810 ad
1256 2768 1326 2811 οὐκ
1354 2769 1545 2823 ἠὲέλησεν
1573 2773 1731 2811 referri.

184 2846 396 2892 postremo
426 2844 608 2886 Cobetus
637 2849 919 2900 δυστυχοῦντος
947 2850 1016 2889 τοῦ
1045 2848 1172 2900 δήμου
1200 2852 1315 2889 recte
1335 2851 1588 2901 expunxisse
1620 2865 1727 2890 eam-

185 2930 267 2969 que
295 2923 584 2964 coniecturam
613 2923 899 2966 Franckenius
928 2926 1042 2967 haud
1070 2927 1178 2968 male
1206 2928 1408 2979 probasse
1436 2928 1614 2968 videtur.

1474 3010 1497 3045 5
