<?xml version="1.0" encoding="UTF-8"?>
<!DOCTYPE html PUBLIC "-//W3C//DTD XHTML 1.0 Transitional//EN"
    "http://www.w3.org/TR/xhtml1/DTD/xhtml1-transitional.dtd">
<html xmlns="http://www.w3.org/1999/xhtml" xml:lang="en" lang="en">
 <head>
  <title>
</title>
<meta http-equiv="Content-Type" content="text/html;charset=utf-8" />
  <meta name='ocr-system' content='tesseract 3.04.00' />
  <meta name='ocr-capabilities' content='ocr_page ocr_carea ocr_par ocr_line ocrx_word'/>
</head>
<body>
  <div class='ocr_page' id='page_1' title='image "4737163_0024.png"; bbox 0 0 1895 3322; ppageno 0'>
   <div class='ocr_carea' id='block_1_1' title="bbox 944 157 1000 206">
    <p class='ocr_par' dir='ltr' id='par_1_1' title="bbox 944 157 1000 206">
     <span class='ocr_line' id='line_1_1' title="bbox 944 157 1000 206; baseline -0.018 0"><span class='ocrx_word' id='word_1_1' title='bbox 944 157 1000 206; x_wconf 82' lang='lat'>18</span> 
     </span>
    </p>
   </div>
   <div class='ocr_carea' id='block_1_2' title="bbox 152 284 1760 2826">
    <p class='ocr_par' dir='ltr' id='par_1_2' title="bbox 152 284 1760 2826">
     <span class='ocr_line' id='line_1_2' title="bbox 191 284 1744 337; baseline 0.001 -14"><span class='ocrx_word' id='word_1_2' title='bbox 191 284 421 334; x_wconf 83' lang='lat' dir='ltr'>accusavit,</span> <span class='ocrx_word' id='word_1_3' title='bbox 447 284 483 323; x_wconf 86' lang='lat' dir='ltr'>is</span> <span class='ocrx_word' id='word_1_4' title='bbox 512 284 707 325; x_wconf 81' lang='lat' dir='ltr'><strong>docuisse</strong></span> <span class='ocrx_word' id='word_1_5' title='bbox 726 285 940 336; x_wconf 76' lang='lat' dir='ltr'>putandus</span> <span class='ocrx_word' id='word_1_6' title='bbox 969 288 1044 336; x_wconf 88' lang='lat' dir='ltr'>est,</span> <span class='ocrx_word' id='word_1_7' title='bbox 1066 298 1157 326; x_wconf 89' lang='lat' dir='ltr'>esse</span> <span class='ocrx_word' id='word_1_8' title='bbox 1187 297 1261 325; x_wconf 93' lang='lat' dir='ltr'>cur</span> <span class='ocrx_word' id='word_1_9' title='bbox 1292 286 1363 337; x_wconf 92' lang='lat' dir='ltr'>qui</span> <span class='ocrx_word' id='word_1_10' title='bbox 1382 286 1490 326; x_wconf 88' lang='lat' dir='ltr'>hanc</span> <span class='ocrx_word' id='word_1_11' title='bbox 1511 285 1744 326; x_wconf 83' lang='lat' dir='ltr'>orationem</span> 
     </span>
     <span class='ocr_line' id='line_1_3' title="bbox 152 357 1745 414; baseline 0 -13"><span class='ocrx_word' id='word_1_12' title='bbox 152 357 153 360; x_wconf 29' lang='lat'>¹</span> <span class='ocrx_word' id='word_1_13' title='bbox 192 362 345 401; x_wconf 78' lang='lat' dir='ltr'><strong>habuit</strong></span> <span class='ocrx_word' id='word_1_14' title='bbox 372 362 548 412; x_wconf 82' lang='lat' dir='ltr'>eiusque</span> <span class='ocrx_word' id='word_1_15' title='bbox 576 360 708 401; x_wconf 82' lang='lat' dir='ltr'>frater</span> <span class='ocrx_word' id='word_1_16' title='bbox 735 362 846 402; x_wconf 86' lang='lat' dir='ltr'>iusto</span> <span class='ocrx_word' id='word_1_17' title='bbox 875 364 966 403; x_wconf 91' lang='lat' dir='ltr'>iure</span> <span class='ocrx_word' id='word_1_18' title='bbox 994 364 1264 414; x_wconf 77' lang='lat' dir='ltr'><strong>privarentur</strong></span> <span class='ocrx_word' id='word_1_19' title='bbox 1298 365 1424 403; x_wconf 87' lang='lat' dir='ltr'>rebus</span> <span class='ocrx_word' id='word_1_20' title='bbox 1456 364 1745 402; x_wconf 55' lang='lat' dir='ltr'>familiaribus</span> 
     </span>
     <span class='ocr_line' id='line_1_4' title="bbox 194 439 1746 495; baseline -0.002 -13"><span class='ocrx_word' id='word_1_21' title='bbox 194 445 237 482; x_wconf 90' lang='lat' dir='ltr'>et</span> <span class='ocrx_word' id='word_1_22' title='bbox 266 440 371 493; x_wconf 89' lang='lat' dir='ltr'>quid</span> <span class='ocrx_word' id='word_1_23' title='bbox 412 439 482 480; x_wconf 88' lang='lat' dir='ltr'>hic</span> <span class='ocrx_word' id='word_1_24' title='bbox 521 440 751 491; x_wconf 90' lang='lat' dir='ltr'>protulerit</span> <span class='ocrx_word' id='word_1_25' title='bbox 778 441 904 482; x_wconf 89' lang='lat' dir='ltr'>credo</span> <span class='ocrx_word' id='word_1_26' title='bbox 947 441 1148 495; x_wconf 85' lang='lat' dir='ltr'>cognosci</span> <span class='ocrx_word' id='word_1_27' title='bbox 1190 455 1313 493; x_wconf 89' lang='lat' dir='ltr'>posse</span> <span class='ocrx_word' id='word_1_28' title='bbox 1348 455 1399 482; x_wconf 86' lang='lat' dir='ltr'>ex</span> <span class='ocrx_word' id='word_1_29' title='bbox 1439 441 1519 482; x_wconf 87' lang='lat' dir='ltr'>hac</span> <span class='ocrx_word' id='word_1_30' title='bbox 1555 440 1746 480; x_wconf 87' lang='lat' dir='ltr'>oratione</span> 
     </span>
     <span class='ocr_line' id='line_1_5' title="bbox 193 517 1749 571; baseline -0.001 -13"><span class='ocrx_word' id='word_1_31' title='bbox 193 520 298 570; x_wconf 86' lang='lat' dir='ltr'>ipsa.</span> <span class='ocrx_word' id='word_1_32' title='bbox 346 518 396 571; x_wconf 56' lang='grc' dir='ltr'>ἐξ</span> <span class='ocrx_word' id='word_1_33' title='bbox 418 518 548 567; x_wconf 88' lang='grc'>18,19</span> <span class='ocrx_word' id='word_1_34' title='bbox 577 517 688 556; x_wconf 91' lang='lat' dir='ltr'>enim</span> <span class='ocrx_word' id='word_1_35' title='bbox 717 517 761 557; x_wconf 92' lang='lat' dir='ltr'>in</span> <span class='ocrx_word' id='word_1_36' title='bbox 788 519 1034 559; x_wconf 85' lang='lat' dir='ltr'>memoriam</span> <span class='ocrx_word' id='word_1_37' title='bbox 1062 519 1250 559; x_wconf 88' lang='lat' dir='ltr'>iudicum</span> <span class='ocrx_word' id='word_1_38' title='bbox 1278 523 1421 559; x_wconf 89' lang='lat' dir='ltr'>orator</span> <span class='ocrx_word' id='word_1_39' title='bbox 1447 519 1615 571; x_wconf 77' lang='lat' dir='ltr'>redegit</span> <span class='ocrx_word' id='word_1_40' title='bbox 1641 530 1749 569; x_wconf 85' lang='lat' dir='ltr'>quae</span> 
     </span>
     <span class='ocr_line' id='line_1_6' title="bbox 195 595 1747 649; baseline -0.001 -12"><span class='ocrx_word' id='word_1_41' title='bbox 195 598 307 638; x_wconf 89' lang='lat' dir='ltr'>cives</span> <span class='ocrx_word' id='word_1_42' title='bbox 343 599 443 648; x_wconf 89' lang='lat' dir='ltr'>post</span> <span class='ocrx_word' id='word_1_43' title='bbox 477 595 663 636; x_wconf 89' lang='lat' dir='ltr'>reditum</span> <span class='ocrx_word' id='word_1_44' title='bbox 699 609 721 636; x_wconf 95' lang='lat' dir='ltr'>e</span> <span class='ocrx_word' id='word_1_45' title='bbox 756 596 904 637; x_wconf 86' lang='lat' dir='ltr'>Piraeo</span> <span class='ocrx_word' id='word_1_46' title='bbox 941 599 1151 649; x_wconf 78' lang='lat' dir='ltr'>cepissent</span> <span class='ocrx_word' id='word_1_47' title='bbox 1180 598 1376 647; x_wconf 84' lang='lat' dir='ltr'>consilia3</span> <span class='ocrx_word' id='word_1_48' title='bbox 1413 609 1482 637; x_wconf 85' lang='lat' dir='ltr'>eos</span> <span class='ocrx_word' id='word_1_49' title='bbox 1512 596 1747 637; x_wconf 86' lang='lat' dir='ltr'>decrevisse</span> 
     </span>
     <span class='ocr_line' id='line_1_7' title="bbox 195 671 1747 728; baseline 0.001 -14"><span class='ocrx_word' id='word_1_50' title='bbox 195 688 250 714; x_wconf 90' lang='lat' dir='ltr'>ne</span> <span class='ocrx_word' id='word_1_51' title='bbox 276 674 436 714; x_wconf 87' lang='lat' dir='ltr'>scelera</span> <span class='ocrx_word' id='word_1_52' title='bbox 464 673 507 712; x_wconf 91' lang='lat' dir='ltr'>in</span> <span class='ocrx_word' id='word_1_53' title='bbox 528 673 641 724; x_wconf 87' lang='lat' dir='ltr'>ipsos</span> <span class='ocrx_word' id='word_1_54' title='bbox 663 674 886 714; x_wconf 88' lang='lat' dir='ltr'>commissa</span> <span class='ocrx_word' id='word_1_55' title='bbox 906 676 1219 716; x_wconf 86' lang='lat' dir='ltr'>ulciscerentur.</span> <span class='ocrx_word' id='word_1_56' title='bbox 1267 675 1290 728; x_wconf 61' lang='grc' dir='ltr'><strong>ξ</strong></span> <span class='ocrx_word' id='word_1_57' title='bbox 1322 676 1370 715; x_wconf 85' lang='grc'>18</span> <span class='ocrx_word' id='word_1_58' title='bbox 1397 675 1463 715; x_wconf 74' lang='grc' dir='ltr'>καὶ</span> <span class='ocrx_word' id='word_1_59' title='bbox 1491 676 1605 716; x_wconf 70' lang='grc' dir='ltr'>ταῦἱτ’</span> <span class='ocrx_word' id='word_1_60' title='bbox 1624 671 1747 726; x_wconf 75' lang='grc' dir='ltr'>ὑμεῖς,</span> 
     </span>
     <span class='ocr_line' id='line_1_8' title="bbox 195 747 1747 803; baseline 0.002 -14"><span class='ocrx_word' id='word_1_61' title='bbox 195 750 347 802; x_wconf 87' lang='lat' dir='ltr'>inquit,</span> <span class='ocrx_word' id='word_1_62' title='bbox 374 749 515 801; x_wconf 77' lang='grc' dir='ltr'>ἔγνωτε</span> <span class='ocrx_word' id='word_1_63' title='bbox 541 750 714 790; x_wconf 83' lang='grc' dir='ltr'>νεωστὶ</span> <span class='ocrx_word' id='word_1_64' title='bbox 742 749 1088 801; x_wconf 61' lang='grc' dir='ltr'>κατελὲόντες,</span> <span class='ocrx_word' id='word_1_65' title='bbox 1120 747 1242 802; x_wconf 60' lang='grc' dir='ltr'>ὄρὲῒῶς</span> <span class='ocrx_word' id='word_1_66' title='bbox 1271 750 1559 803; x_wconf 78' lang='grc' dir='ltr'>βουλευόμενοι·</span> <span class='ocrx_word' id='word_1_67' title='bbox 1591 751 1646 792; x_wconf 78' lang='grc' dir='ltr'>ἔτι</span> <span class='ocrx_word' id='word_1_68' title='bbox 1674 750 1747 803; x_wconf 86' lang='grc' dir='ltr'>γὰρ</span> 
     </span>
     <span class='ocr_line' id='line_1_9' title="bbox 196 828 1750 883; baseline 0.001 -13"><span class='ocrx_word' id='word_1_69' title='bbox 196 829 421 882; x_wconf 52' lang='grc' dir='ltr'>ἐμέμνησθε</span> <span class='ocrx_word' id='word_1_70' title='bbox 456 830 529 868; x_wconf 84' lang='grc' dir='ltr'>τῶν</span> <span class='ocrx_word' id='word_1_71' title='bbox 565 829 826 880; x_wconf 80' lang='grc' dir='ltr'>γεγενημένων</span> <span class='ocrx_word' id='word_1_72' title='bbox 862 831 1069 881; x_wconf 85' lang='grc' dir='ltr'>συμφορῶν</span> <span class='ocrx_word' id='word_1_73' title='bbox 1105 830 1172 870; x_wconf 73' lang='grc' dir='ltr'>καὶ</span> <span class='ocrx_word' id='word_1_74' title='bbox 1213 835 1295 876; x_wconf 86' lang='grc' dir='ltr'>τοῖς</span> <span class='ocrx_word' id='word_1_75' title='bbox 1338 833 1444 877; x_wconf 59' lang='grc' dir='ltr'>θεοῖς</span> <span class='ocrx_word' id='word_1_76' title='bbox 1479 832 1534 877; x_wconf 89' lang='grc' dir='ltr'>εἰς</span> <span class='ocrx_word' id='word_1_77' title='bbox 1572 828 1750 883; x_wconf 68' lang='grc' dir='ltr'>ὁμόνοιαν</span> 
     </span>
     <span class='ocr_line' id='line_1_10' title="bbox 198 891 1749 962; baseline -0.001 -12"><span class='ocrx_word' id='word_1_78' title='bbox 198 906 361 962; x_wconf 58' lang='grc' dir='ltr'>εὔχεσῇε</span> <span class='ocrx_word' id='word_1_79' title='bbox 387 909 628 960; x_wconf 81' lang='grc' dir='ltr'>καταστῆναι</span> <span class='ocrx_word' id='word_1_80' title='bbox 656 906 726 959; x_wconf 84' lang='grc' dir='ltr'>τὴν</span> <span class='ocrx_word' id='word_1_81' title='bbox 754 891 864 949; x_wconf 82' lang='grc' dir='ltr'>πόλιν</span> <span class='ocrx_word' id='word_1_82' title='bbox 893 910 1035 960; x_wconf 83' lang='grc' dir='ltr'>μᾶλλον</span> <span class='ocrx_word' id='word_1_83' title='bbox 1062 904 1088 960; x_wconf 70' lang='grc' dir='ltr'><strong>ἦ</strong></span> <span class='ocrx_word' id='word_1_84' title='bbox 1111 909 1189 949; x_wconf 80' lang='grc' dir='ltr'>ἐπὶ</span> <span class='ocrx_word' id='word_1_85' title='bbox 1218 912 1458 961; x_wconf 85' lang='grc' dir='ltr'>τιμωρίαν</span> <span class='ocrx_word' id='word_1_86' title='bbox 1487 911 1576 950; x_wconf 83' lang='grc' dir='ltr'>τῶν</span> <span class='ocrx_word' id='word_1_87' title='bbox 1606 923 1749 959; x_wconf 84' lang='grc' dir='ltr'>παρε-</span> 
     </span>
     <span class='ocr_line' id='line_1_11' title="bbox 197 982 1749 1039; baseline -0.002 -11"><span class='ocrx_word' id='word_1_88' title='bbox 197 985 472 1038; x_wconf 65' lang='grc' dir='ltr'>ληλυὲῖότων</span> <span class='ocrx_word' id='word_1_89' title='bbox 512 982 581 1035; x_wconf 73' lang='grc' dir='ltr'>τὴν</span> <span class='ocrx_word' id='word_1_90' title='bbox 622 984 691 1035; x_wconf 82' lang='grc' dir='ltr'>μὲν</span> <span class='ocrx_word' id='word_1_91' title='bbox 730 983 839 1025; x_wconf 83' lang='grc' dir='ltr'>πόλιν</span> <span class='ocrx_word' id='word_1_92' title='bbox 873 984 1109 1039; x_wconf 75' lang='grc' dir='ltr'>στασιάσαι,</span> <span class='ocrx_word' id='word_1_93' title='bbox 1149 984 1239 1031; x_wconf 82' lang='grc' dir='ltr'>τοὺς</span> <span class='ocrx_word' id='word_1_94' title='bbox 1279 987 1324 1027; x_wconf 83' lang='grc' dir='ltr'>δὲ</span> <span class='ocrx_word' id='word_1_95' title='bbox 1372 987 1551 1037; x_wconf 87' lang='grc' dir='ltr'>λέγοντας</span> <span class='ocrx_word' id='word_1_96' title='bbox 1599 986 1749 1038; x_wconf 76' lang='grc' dir='ltr'>ταχέως</span> 
     </span>
     <span class='ocr_line' id='line_1_12' title="bbox 197 1060 1752 1114; baseline 0 -11"><span class='ocrx_word' id='word_1_97' title='bbox 197 1065 429 1114; x_wconf 80' lang='grc' dir='ltr'>πλουτῆσαι.</span> <span class='ocrx_word' id='word_1_98' title='bbox 477 1062 500 1114; x_wconf 66' lang='grc' dir='ltr'>ξ</span> <span class='ocrx_word' id='word_1_99' title='bbox 532 1061 579 1099; x_wconf 88' lang='grc'>19</span> <span class='ocrx_word' id='word_1_100' title='bbox 599 1061 728 1100; x_wconf 84' lang='grc' dir='ltr'>καίτοι</span> <span class='ocrx_word' id='word_1_101' title='bbox 747 1061 888 1100; x_wconf 77' lang='grc' dir='ltr'>πλείων</span> <span class='ocrx_word' id='word_1_102' title='bbox 909 1060 1112 1112; x_wconf 83' lang='grc' dir='ltr'>συγγνώμη</span> <span class='ocrx_word' id='word_1_103' title='bbox 1133 1068 1386 1112; x_wconf 84' lang='grc' dir='ltr'>μνησικακεῖν</span> <span class='ocrx_word' id='word_1_104' title='bbox 1413 1063 1586 1102; x_wconf 81' lang='grc' dir='ltr'>νεωστὶ</span> <span class='ocrx_word' id='word_1_105' title='bbox 1614 1075 1752 1103; x_wconf 83' lang='grc' dir='ltr'>κατε-</span> 
     </span>
     <span class='ocr_line' id='line_1_13' title="bbox 199 1139 1752 1195; baseline 0.001 -14"><span class='ocrx_word' id='word_1_106' title='bbox 199 1139 485 1192; x_wconf 64' lang='grc' dir='ltr'>ληλυὲόσιν,</span> <span class='ocrx_word' id='word_1_107' title='bbox 518 1142 574 1182; x_wconf 78' lang='grc' dir='ltr'>ἔτι</span> <span class='ocrx_word' id='word_1_108' title='bbox 601 1143 673 1193; x_wconf 78' lang='grc' dir='ltr'>τῆς</span> <span class='ocrx_word' id='word_1_109' title='bbox 693 1139 808 1192; x_wconf 81' lang='grc' dir='ltr'>ὅργῆς</span> <span class='ocrx_word' id='word_1_110' title='bbox 828 1140 946 1192; x_wconf 71' lang='grc' dir='ltr'>οὔσης</span> <span class='ocrx_word' id='word_1_111' title='bbox 972 1142 1215 1193; x_wconf 77' lang='grc' dir='ltr'>προσφάτου,</span> <span class='ocrx_word' id='word_1_112' title='bbox 1244 1139 1269 1193; x_wconf 69' lang='grc' dir='ltr'><strong>ἢ</strong></span> <span class='ocrx_word' id='word_1_113' title='bbox 1290 1143 1466 1194; x_wconf 80' lang='grc' dir='ltr'>τοσούτῳ</span> <span class='ocrx_word' id='word_1_114' title='bbox 1494 1142 1622 1195; x_wconf 81' lang='grc' dir='ltr'>χρόνῳ</span> <span class='ocrx_word' id='word_1_115' title='bbox 1641 1140 1752 1183; x_wconf 66' lang='grc' dir='ltr'>ὕστε-</span> 
     </span>
     <span class='ocr_line' id='line_1_14' title="bbox 202 1216 1752 1273; baseline 0 -15"><span class='ocrx_word' id='word_1_116' title='bbox 202 1233 264 1270; x_wconf 90' lang='grc' dir='ltr'>ρον</span> <span class='ocrx_word' id='word_1_117' title='bbox 294 1218 374 1258; x_wconf 77' lang='grc' dir='ltr'>ἐπὶ</span> <span class='ocrx_word' id='word_1_118' title='bbox 401 1219 643 1270; x_wconf 82' lang='grc' dir='ltr'>τιμωρίαν</span> <span class='ocrx_word' id='word_1_119' title='bbox 671 1220 760 1259; x_wconf 84' lang='grc' dir='ltr'>τῶν</span> <span class='ocrx_word' id='word_1_120' title='bbox 788 1219 1200 1271; x_wconf 56' lang='grc' dir='ltr'>παρεληλυῖότων</span> <span class='ocrx_word' id='word_1_121' title='bbox 1229 1221 1506 1273; x_wconf 55' lang='grc' dir='ltr'>τραπέσθαι</span> <span class='ocrx_word' id='word_1_122' title='bbox 1535 1216 1613 1261; x_wconf 82' lang='grc' dir='ltr'>κτὲ.</span> <span class='ocrx_word' id='word_1_123' title='bbox 1661 1232 1752 1259; x_wconf 83' lang='lat' dir='ltr'>ora-</span> 
     </span>
     <span class='ocr_line' id='line_1_15' title="bbox 204 1297 1754 1349; baseline -0.001 -13"><span class='ocrx_word' id='word_1_124' title='bbox 204 1301 272 1336; x_wconf 85' lang='lat' dir='ltr'>tor</span> <span class='ocrx_word' id='word_1_125' title='bbox 300 1297 432 1349; x_wconf 87' lang='lat' dir='ltr'>igitur</span> <span class='ocrx_word' id='word_1_126' title='bbox 460 1297 710 1348; x_wconf 85' lang='lat' dir='ltr'>gravissime</span> <span class='ocrx_word' id='word_1_127' title='bbox 746 1297 853 1336; x_wconf 90' lang='lat' dir='ltr'>dicit</span> <span class='ocrx_word' id='word_1_128' title='bbox 888 1297 1166 1337; x_wconf 75' lang='lat' dir='ltr'>Athenienses</span> <span class='ocrx_word' id='word_1_129' title='bbox 1203 1298 1345 1348; x_wconf 87' lang='lat' dir='ltr'>paullo</span> <span class='ocrx_word' id='word_1_130' title='bbox 1374 1301 1471 1348; x_wconf 86' lang='lat' dir='ltr'>post</span> <span class='ocrx_word' id='word_1_131' title='bbox 1499 1298 1682 1337; x_wconf 88' lang='lat' dir='ltr'>reditum</span> <span class='ocrx_word' id='word_1_132' title='bbox 1711 1298 1754 1335; x_wconf 86' lang='lat' dir='ltr'>in</span> 
     </span>
     <span class='ocr_line' id='line_1_16' title="bbox 200 1371 1755 1427; baseline 0 -13"><span class='ocrx_word' id='word_1_133' title='bbox 200 1373 349 1415; x_wconf 89' lang='lat' dir='ltr'>urbem</span> <span class='ocrx_word' id='word_1_134' title='bbox 385 1371 434 1415; x_wconf 83' lang='grc' dir='ltr'>τὰ</span> <span class='ocrx_word' id='word_1_135' title='bbox 468 1372 778 1426; x_wconf 60' lang='grc' dir='ltr'>παρεληλυὲότα,</span> <span class='ocrx_word' id='word_1_136' title='bbox 817 1387 925 1426; x_wconf 85' lang='lat' dir='ltr'>quae</span> <span class='ocrx_word' id='word_1_137' title='bbox 960 1373 1108 1414; x_wconf 90' lang='lat' dir='ltr'>eadcm</span> <span class='ocrx_word' id='word_1_138' title='bbox 1144 1378 1244 1415; x_wconf 89' lang='lat' dir='ltr'>sunt</span> <span class='ocrx_word' id='word_1_139' title='bbox 1281 1388 1388 1427; x_wconf 87' lang='lat' dir='ltr'>quae</span> <span class='ocrx_word' id='word_1_140' title='bbox 1430 1371 1471 1416; x_wconf 81' lang='grc' dir='ltr'>αἱ</span> <span class='ocrx_word' id='word_1_141' title='bbox 1505 1375 1755 1427; x_wconf 81' lang='grc' dir='ltr'>γεγενημέναι</span> 
     </span>
     <span class='ocr_line' id='line_1_17' title="bbox 201 1451 1755 1507; baseline 0.001 -15"><span class='ocrx_word' id='word_1_142' title='bbox 201 1453 401 1504; x_wconf 83' lang='grc' dir='ltr'>συμφοραί</span> <span class='ocrx_word' id='word_1_143' title='bbox 448 1451 486 1504; x_wconf 64' lang='grc' dir='ltr'>(ξ</span> <span class='ocrx_word' id='word_1_144' title='bbox 536 1452 611 1504; x_wconf 86' lang='grc'>18),</span> <span class='ocrx_word' id='word_1_145' title='bbox 652 1452 837 1492; x_wconf 86' lang='lat' dir='ltr'>noluisse</span> <span class='ocrx_word' id='word_1_146' title='bbox 878 1452 1023 1492; x_wconf 89' lang='lat' dir='ltr'>ulcisci</span> <span class='ocrx_word' id='word_1_147' title='bbox 1073 1453 1265 1504; x_wconf 89' lang='lat' dir='ltr'>petitque</span> <span class='ocrx_word' id='word_1_148' title='bbox 1314 1465 1366 1493; x_wconf 91' lang='lat' dir='ltr'>ne</span> <span class='ocrx_word' id='word_1_149' title='bbox 1415 1452 1592 1507; x_wconf 78' lang='grc' dir='ltr'>τοσούτῳ</span> <span class='ocrx_word' id='word_1_150' title='bbox 1628 1452 1755 1506; x_wconf 84' lang='grc' dir='ltr'>χρόνῳ</span> 
     </span>
     <span class='ocr_line' id='line_1_18' title="bbox 202 1525 1754 1581; baseline 0 -12"><span class='ocrx_word' id='word_1_151' title='bbox 202 1525 361 1579; x_wconf 64' lang='grc' dir='ltr'>ὕστερον</span> <span class='ocrx_word' id='word_1_152' title='bbox 390 1541 439 1567; x_wconf 87' lang='lat' dir='ltr'>ea</span> <span class='ocrx_word' id='word_1_153' title='bbox 461 1529 650 1579; x_wconf 86' lang='lat' dir='ltr'>puniant.</span> <span class='ocrx_word' id='word_1_154' title='bbox 691 1529 836 1579; x_wconf 86' lang='lat' dir='ltr'>itaque</span> <span class='ocrx_word' id='word_1_155' title='bbox 864 1542 916 1568; x_wconf 85' lang='lat' dir='ltr'>ex</span> <span class='ocrx_word' id='word_1_156' title='bbox 943 1529 1024 1568; x_wconf 91' lang='lat' dir='ltr'>hoc</span> <span class='ocrx_word' id='word_1_157' title='bbox 1045 1530 1309 1579; x_wconf 76' lang='lat' dir='ltr'>apertissime</span> <span class='ocrx_word' id='word_1_158' title='bbox 1329 1534 1517 1581; x_wconf 85' lang='lat' dir='ltr'>apparet,</span> <span class='ocrx_word' id='word_1_159' title='bbox 1546 1533 1754 1569; x_wconf 86' lang='lat' dir='ltr'>oratorem</span> 
     </span>
     <span class='ocr_line' id='line_1_19' title="bbox 203 1604 1755 1658; baseline 0.001 -14"><span class='ocrx_word' id='word_1_160' title='bbox 203 1616 289 1645; x_wconf 88' lang='lat' dir='ltr'>non</span> <span class='ocrx_word' id='word_1_161' title='bbox 325 1604 544 1657; x_wconf 82' lang='lat' dir='ltr'>ignorasse</span> <span class='ocrx_word' id='word_1_162' title='bbox 571 1604 727 1655; x_wconf 87' lang='lat' dir='ltr'>videri,</span> <span class='ocrx_word' id='word_1_163' title='bbox 755 1618 832 1656; x_wconf 89' lang='lat' dir='ltr'>per</span> <span class='ocrx_word' id='word_1_164' title='bbox 860 1609 1034 1656; x_wconf 83' lang='lat' dir='ltr'>peccata</span> <span class='ocrx_word' id='word_1_165' title='bbox 1060 1605 1257 1647; x_wconf 84' lang='lat' dir='ltr'>Eucratis</span> <span class='ocrx_word' id='word_1_166' title='bbox 1285 1607 1428 1647; x_wconf 89' lang='lat' dir='ltr'>nescio</span> <span class='ocrx_word' id='word_1_167' title='bbox 1465 1620 1571 1657; x_wconf 84' lang='lat' dir='ltr'>quae</span> <span class='ocrx_word' id='word_1_168' title='bbox 1598 1607 1755 1658; x_wconf 90' lang='lat' dir='ltr'>populo</span> 
     </span>
     <span class='ocr_line' id='line_1_20' title="bbox 202 1683 1756 1735; baseline 0 -13"><span class='ocrx_word' id='word_1_169' title='bbox 202 1684 295 1723; x_wconf 92' lang='lat' dir='ltr'>iure</span> <span class='ocrx_word' id='word_1_170' title='bbox 320 1684 490 1723; x_wconf 85' lang='lat' dir='ltr'>licuisse</span> <span class='ocrx_word' id='word_1_171' title='bbox 524 1683 633 1723; x_wconf 89' lang='lat' dir='ltr'>filios</span> <span class='ocrx_word' id='word_1_172' title='bbox 671 1684 759 1723; x_wconf 88' lang='lat' dir='ltr'>eius</span> <span class='ocrx_word' id='word_1_173' title='bbox 787 1685 952 1735; x_wconf 88' lang='lat' dir='ltr'>punire.</span> <span class='ocrx_word' id='word_1_174' title='bbox 1007 1688 1135 1735; x_wconf 86' lang='lat' dir='ltr'>atque</span> <span class='ocrx_word' id='word_1_175' title='bbox 1169 1685 1338 1725; x_wconf 91' lang='lat' dir='ltr'>videtur</span> <span class='ocrx_word' id='word_1_176' title='bbox 1366 1686 1419 1724; x_wconf 85' lang='lat' dir='ltr'>ad</span> <span class='ocrx_word' id='word_1_177' title='bbox 1447 1685 1555 1725; x_wconf 85' lang='lat' dir='ltr'>hanc</span> <span class='ocrx_word' id='word_1_178' title='bbox 1585 1684 1756 1734; x_wconf 87' lang='lat' dir='ltr'>quidem</span> 
     </span>
     <span class='ocr_line' id='line_1_21' title="bbox 203 1759 1756 1812; baseline 0.001 -13"><span class='ocrx_word' id='word_1_179' title='bbox 203 1759 275 1811; x_wconf 89' lang='lat' dir='ltr'>(sc.</span> <span class='ocrx_word' id='word_1_180' title='bbox 297 1759 488 1812; x_wconf 84' lang='lat' dir='ltr'>alteram)</span> <span class='ocrx_word' id='word_1_181' title='bbox 517 1759 655 1812; x_wconf 89' lang='lat' dir='ltr'>legem</span> <span class='ocrx_word' id='word_1_182' title='bbox 684 1759 942 1800; x_wconf 84' lang='lat' dir='ltr'>suadendam</span> <span class='ocrx_word' id='word_1_183' title='bbox 962 1759 1186 1800; x_wconf 87' lang='lat' dir='ltr'>Poliochus</span> <span class='ocrx_word' id='word_1_184' title='bbox 1214 1761 1287 1801; x_wconf 86' lang='lat' dir='ltr'>illa</span> <span class='ocrx_word' id='word_1_185' title='bbox 1306 1761 1468 1801; x_wconf 89' lang='lat' dir='ltr'>scelera</span> <span class='ocrx_word' id='word_1_186' title='bbox 1495 1764 1616 1800; x_wconf 86' lang='lat' dir='ltr'>antea</span> <span class='ocrx_word' id='word_1_187' title='bbox 1645 1773 1756 1800; x_wconf 91' lang='lat' dir='ltr'>com-</span> 
     </span>
     <span class='ocr_line' id='line_1_22' title="bbox 202 1837 1754 1891; baseline 0.001 -14"><span class='ocrx_word' id='word_1_188' title='bbox 202 1838 331 1878; x_wconf 88' lang='lat' dir='ltr'>missa</span> <span class='ocrx_word' id='word_1_189' title='bbox 364 1837 413 1879; x_wconf 84' lang='grc' dir='ltr'><strong>τὰ</strong></span> <span class='ocrx_word' id='word_1_190' title='bbox 446 1837 744 1889; x_wconf 68' lang='grc' dir='ltr'>παρεληλυὲτότα</span> <span class='ocrx_word' id='word_1_191' title='bbox 777 1839 1015 1889; x_wconf 84' lang='lat' dir='ltr'>protulisse.</span> <span class='ocrx_word' id='word_1_192' title='bbox 1072 1853 1327 1891; x_wconf 87' lang='lat' dir='ltr'>quamquam</span> <span class='ocrx_word' id='word_1_193' title='bbox 1363 1853 1447 1879; x_wconf 90' lang='lat' dir='ltr'>non</span> <span class='ocrx_word' id='word_1_194' title='bbox 1481 1852 1605 1890; x_wconf 86' lang='lat' dir='ltr'>posse</span> <span class='ocrx_word' id='word_1_195' title='bbox 1633 1839 1754 1878; x_wconf 82' lang='lat' dir='ltr'>dubi—</span> 
     </span>
     <span class='ocr_line' id='line_1_23' title="bbox 201 1915 1755 1970; baseline -0.001 -14"><span class='ocrx_word' id='word_1_196' title='bbox 201 1916 284 1956; x_wconf 87' lang='lat' dir='ltr'>tari</span> <span class='ocrx_word' id='word_1_197' title='bbox 319 1917 484 1968; x_wconf 88' lang='lat' dir='ltr'>opinor,</span> <span class='ocrx_word' id='word_1_198' title='bbox 521 1915 624 1967; x_wconf 90' lang='lat' dir='ltr'>quin</span> <span class='ocrx_word' id='word_1_199' title='bbox 654 1916 740 1968; x_wconf 87' lang='lat' dir='ltr'>qui,</span> <span class='ocrx_word' id='word_1_200' title='bbox 775 1930 904 1968; x_wconf 89' lang='lat' dir='ltr'>quum</span> <span class='ocrx_word' id='word_1_201' title='bbox 940 1917 1059 1968; x_wconf 88' lang='lat' dir='ltr'>prior</span> <span class='ocrx_word' id='word_1_202' title='bbox 1094 1929 1219 1956; x_wconf 88' lang='lat' dir='ltr'>causa</span> <span class='ocrx_word' id='word_1_203' title='bbox 1247 1920 1456 1970; x_wconf 86' lang='lat' dir='ltr'>ageretur,</span> <span class='ocrx_word' id='word_1_204' title='bbox 1496 1929 1620 1969; x_wconf 84' lang='lat' dir='ltr'>agros</span> <span class='ocrx_word' id='word_1_205' title='bbox 1650 1916 1755 1955; x_wconf 88' lang='lat' dir='ltr'>filio-</span> 
     </span>
     <span class='ocr_line' id='line_1_24' title="bbox 204 1993 1755 2045; baseline -0.001 -11"><span class='ocrx_word' id='word_1_206' title='bbox 204 2007 300 2034; x_wconf 91' lang='lat' dir='ltr'>rum</span> <span class='ocrx_word' id='word_1_207' title='bbox 340 1993 540 2034; x_wconf 86' lang='lat' dir='ltr'>Eucratis</span> <span class='ocrx_word' id='word_1_208' title='bbox 585 1994 796 2045; x_wconf 86' lang='lat' dir='ltr'>publicari</span> <span class='ocrx_word' id='word_1_209' title='bbox 837 1994 1014 2044; x_wconf 85' lang='lat' dir='ltr'>iuberet,</span> <span class='ocrx_word' id='word_1_210' title='bbox 1057 2008 1107 2035; x_wconf 87' lang='lat' dir='ltr'>ex</span> <span class='ocrx_word' id='word_1_211' title='bbox 1144 1995 1293 2035; x_wconf 86' lang='lat' dir='ltr'>iisdem</span> <span class='ocrx_word' id='word_1_212' title='bbox 1333 1995 1459 2035; x_wconf 90' lang='lat' dir='ltr'>rebus</span> <span class='ocrx_word' id='word_1_213' title='bbox 1503 1994 1584 2034; x_wconf 88' lang='lat' dir='ltr'>nisi</span> <span class='ocrx_word' id='word_1_214' title='bbox 1624 1997 1755 2034; x_wconf 83' lang='lat' dir='ltr'>totam</span> 
     </span>
     <span class='ocr_line' id='line_1_25' title="bbox 205 2073 1757 2124; baseline -0.001 -12"><span class='ocrx_word' id='word_1_215' title='bbox 205 2073 531 2123; x_wconf 85' lang='lat' dir='ltr'>accusationem,</span> <span class='ocrx_word' id='word_1_216' title='bbox 560 2076 604 2112; x_wconf 87' lang='lat' dir='ltr'>at</span> <span class='ocrx_word' id='word_1_217' title='bbox 631 2077 746 2113; x_wconf 82' lang='lat' dir='ltr'>certe</span> <span class='ocrx_word' id='word_1_218' title='bbox 773 2076 938 2124; x_wconf 87' lang='lat' dir='ltr'>partem</span> <span class='ocrx_word' id='word_1_219' title='bbox 976 2073 1145 2124; x_wconf 90' lang='lat' dir='ltr'>quidem</span> <span class='ocrx_word' id='word_1_220' title='bbox 1174 2073 1358 2123; x_wconf 85' lang='lat' dir='ltr'>aliquam</span> <span class='ocrx_word' id='word_1_221' title='bbox 1395 2085 1544 2112; x_wconf 86' lang='lat' dir='ltr'>causae</span> <span class='ocrx_word' id='word_1_222' title='bbox 1572 2085 1757 2123; x_wconf 88' lang='lat' dir='ltr'>sumpse-</span> 
     </span>
     <span class='ocr_line' id='line_1_26' title="bbox 206 2150 1758 2203; baseline -0.001 -13"><span class='ocrx_word' id='word_1_223' title='bbox 206 2151 275 2190; x_wconf 88' lang='lat' dir='ltr'>rit.</span> <span class='ocrx_word' id='word_1_224' title='bbox 324 2153 453 2202; x_wconf 88' lang='lat' dir='ltr'>atque</span> <span class='ocrx_word' id='word_1_225' title='bbox 482 2153 529 2190; x_wconf 88' lang='lat' dir='ltr'>ut</span> <span class='ocrx_word' id='word_1_226' title='bbox 556 2163 608 2190; x_wconf 86' lang='lat' dir='ltr'>ex</span> <span class='ocrx_word' id='word_1_227' title='bbox 635 2150 685 2203; x_wconf 61' lang='grc' dir='ltr'>ἓξ</span> <span class='ocrx_word' id='word_1_228' title='bbox 716 2152 778 2200; x_wconf 83' lang='grc'>18,</span> <span class='ocrx_word' id='word_1_229' title='bbox 798 2152 845 2190; x_wconf 90' lang='grc'>19</span> <span class='ocrx_word' id='word_1_230' title='bbox 876 2152 1025 2202; x_wconf 85' lang='lat' dir='ltr'>elucet,</span> <span class='ocrx_word' id='word_1_231' title='bbox 1054 2152 1154 2192; x_wconf 85' lang='lat' dir='ltr'>licet</span> <span class='ocrx_word' id='word_1_232' title='bbox 1182 2151 1230 2192; x_wconf 87' lang='grc' dir='ltr'>τὰ</span> <span class='ocrx_word' id='word_1_233' title='bbox 1249 2150 1543 2203; x_wconf 68' lang='grc' dir='ltr'>παρεληλυὲῑότα</span> <span class='ocrx_word' id='word_1_234' title='bbox 1571 2150 1758 2190; x_wconf 88' lang='lat' dir='ltr'>nondum</span> 
     </span>
     <span class='ocr_line' id='line_1_27' title="bbox 207 2226 1758 2279; baseline -0.001 -11"><span class='ocrx_word' id='word_1_235' title='bbox 207 2227 294 2268; x_wconf 83' lang='lat' dir='ltr'>ulla</span> <span class='ocrx_word' id='word_1_236' title='bbox 322 2240 460 2279; x_wconf 83' lang='lat' dir='ltr'>poena</span> <span class='ocrx_word' id='word_1_237' title='bbox 487 2226 639 2267; x_wconf 80' lang='lat' dir='ltr'>affecta</span> <span class='ocrx_word' id='word_1_238' title='bbox 668 2230 818 2279; x_wconf 85' lang='lat' dir='ltr'>essent,</span> <span class='ocrx_word' id='word_1_239' title='bbox 845 2231 987 2268; x_wconf 85' lang='lat' dir='ltr'>tamen</span> <span class='ocrx_word' id='word_1_240' title='bbox 1014 2228 1127 2268; x_wconf 85' lang='lat' dir='ltr'>haud</span> <span class='ocrx_word' id='word_1_241' title='bbox 1156 2229 1419 2269; x_wconf 87' lang='lat' dir='ltr'>immemores</span> <span class='ocrx_word' id='word_1_242' title='bbox 1448 2228 1550 2267; x_wconf 87' lang='lat' dir='ltr'>iuris</span> <span class='ocrx_word' id='word_1_243' title='bbox 1579 2227 1758 2277; x_wconf 86' lang='lat' dir='ltr'>iurandi,</span> 
     </span>
     <span class='ocr_line' id='line_1_28' title="bbox 208 2291 1759 2358; baseline 0.002 -14"><span class='ocrx_word' id='word_1_244' title='bbox 208 2318 291 2356; x_wconf 92' lang='lat' dir='ltr'>quo</span> <span class='ocrx_word' id='word_1_245' title='bbox 320 2318 365 2345; x_wconf 93' lang='lat' dir='ltr'>se</span> <span class='ocrx_word' id='word_1_246' title='bbox 400 2305 728 2345; x_wconf 87' lang='lat' dir='ltr'>obstrinxissent</span> <span class='ocrx_word' id='word_1_247' title='bbox 764 2318 817 2345; x_wconf 88' lang='grc'>116</span> <span class='ocrx_word' id='word_1_248' title='bbox 852 2308 924 2347; x_wconf 82' lang='grc' dir='ltr'>τῶν</span> <span class='ocrx_word' id='word_1_249' title='bbox 952 2307 1116 2347; x_wconf 83' lang='grc' dir='ltr'>πολιτῶν</span> <span class='ocrx_word' id='word_1_250' title='bbox 1152 2308 1290 2358; x_wconf 81' lang='grc' dir='ltr'>μηδενὶ</span> <span class='ocrx_word' id='word_1_251' title='bbox 1318 2305 1415 2357; x_wconf 78' lang='grc' dir='ltr'>πλὴν</span> <span class='ocrx_word' id='word_1_252' title='bbox 1450 2308 1524 2347; x_wconf 87' lang='grc' dir='ltr'>τῶν</span> <span class='ocrx_word' id='word_1_253' title='bbox 1553 2291 1759 2358; x_wconf 52' lang='grc' dir='ltr'>τριάὶοντα</span> 
     </span>
     <span class='ocr_line' id='line_1_29' title="bbox 207 2383 1758 2436; baseline -0.001 -11"><span class='ocrx_word' id='word_1_254' title='bbox 207 2385 274 2425; x_wconf 79' lang='grc' dir='ltr'>καὶ</span> <span class='ocrx_word' id='word_1_255' title='bbox 314 2386 387 2426; x_wconf 85' lang='grc' dir='ltr'>τῶν</span> <span class='ocrx_word' id='word_1_256' title='bbox 430 2383 567 2426; x_wconf 75' lang='grc' dir='ltr'>ἕνδεκα</span> <span class='ocrx_word' id='word_1_257' title='bbox 607 2384 674 2425; x_wconf 79' lang='grc' dir='ltr'>καὶ</span> <span class='ocrx_word' id='word_1_258' title='bbox 716 2384 788 2426; x_wconf 85' lang='grc' dir='ltr'>τῶν</span> <span class='ocrx_word' id='word_1_259' title='bbox 831 2384 999 2436; x_wconf 64' lang='grc' dir='ltr'>δέκαῑῡ)</span> <span class='ocrx_word' id='word_1_260' title='bbox 1044 2387 1158 2433; x_wconf 87' lang='lat' dir='ltr'>(cum</span> <span class='ocrx_word' id='word_1_261' title='bbox 1194 2384 1361 2424; x_wconf 82' lang='lat' dir='ltr'>Valesio</span> <span class='ocrx_word' id='word_1_262' title='bbox 1406 2388 1448 2424; x_wconf 88' lang='lat' dir='ltr'>et</span> <span class='ocrx_word' id='word_1_263' title='bbox 1486 2383 1758 2436; x_wconf 88' lang='lat' dir='ltr'>Schneidero)</span> 
     </span>
     <span class='ocr_line' id='line_1_30' title="bbox 209 2460 1758 2523; baseline -0.002 -19"><span class='ocrx_word' id='word_1_264' title='bbox 209 2468 472 2523; x_wconf 77' lang='grc' dir='ltr'>μνησικακεῖνι</span> <span class='ocrx_word' id='word_1_265' title='bbox 497 2462 665 2513; x_wconf 89' lang='lat' dir='ltr'>vellent,</span> <span class='ocrx_word' id='word_1_266' title='bbox 700 2460 948 2502; x_wconf 90' lang='lat' dir='ltr'>Poliochum</span> <span class='ocrx_word' id='word_1_267' title='bbox 985 2462 1057 2513; x_wconf 91' lang='lat' dir='ltr'>qui</span> <span class='ocrx_word' id='word_1_268' title='bbox 1094 2474 1146 2502; x_wconf 89' lang='grc'>116</span> <span class='ocrx_word' id='word_1_269' title='bbox 1173 2462 1285 2502; x_wconf 90' lang='lat' dir='ltr'>bona</span> <span class='ocrx_word' id='word_1_270' title='bbox 1320 2461 1638 2513; x_wconf 86' lang='lat' dir='ltr'>publicarentur</span> <span class='ocrx_word' id='word_1_271' title='bbox 1666 2475 1758 2502; x_wconf 85' lang='lat' dir='ltr'>sua-</span> 
     </span>
     <span class='ocr_line' id='line_1_31' title="bbox 207 2540 1759 2592; baseline -0.001 -12"><span class='ocrx_word' id='word_1_272' title='bbox 207 2541 332 2580; x_wconf 87' lang='lat' dir='ltr'>sisset</span> <span class='ocrx_word' id='word_1_273' title='bbox 358 2540 520 2580; x_wconf 81' lang='lat' dir='ltr'>iudices</span> <span class='ocrx_word' id='word_1_274' title='bbox 549 2541 798 2591; x_wconf 88' lang='lat' dir='ltr'>probarunt.</span> <span class='ocrx_word' id='word_1_275' title='bbox 846 2553 954 2590; x_wconf 86' lang='lat' dir='ltr'>quae</span> <span class='ocrx_word' id='word_1_276' title='bbox 985 2553 1113 2591; x_wconf 89' lang='lat' dir='ltr'>quum</span> <span class='ocrx_word' id='word_1_277' title='bbox 1141 2540 1200 2580; x_wconf 85' lang='lat' dir='ltr'>ita</span> <span class='ocrx_word' id='word_1_278' title='bbox 1229 2540 1324 2589; x_wconf 89' lang='lat' dir='ltr'>sint,</span> <span class='ocrx_word' id='word_1_279' title='bbox 1353 2540 1544 2592; x_wconf 86' lang='lat' dir='ltr'>intellegi</span> <span class='ocrx_word' id='word_1_280' title='bbox 1572 2552 1657 2578; x_wconf 91' lang='lat' dir='ltr'>non</span> <span class='ocrx_word' id='word_1_281' title='bbox 1685 2552 1759 2590; x_wconf 91' lang='lat' dir='ltr'>po-</span> 
     </span>
     <span class='ocr_line' id='line_1_32' title="bbox 208 2615 1760 2670; baseline -0.002 -11"><span class='ocrx_word' id='word_1_282' title='bbox 208 2622 294 2659; x_wconf 88' lang='lat' dir='ltr'>test</span> <span class='ocrx_word' id='word_1_283' title='bbox 322 2632 406 2670; x_wconf 87' lang='lat' dir='ltr'>qua</span> <span class='ocrx_word' id='word_1_284' title='bbox 433 2631 479 2658; x_wconf 92' lang='lat' dir='ltr'>re</span> <span class='ocrx_word' id='word_1_285' title='bbox 508 2621 744 2659; x_wconf 87' lang='lat' dir='ltr'>commotus</span> <span class='ocrx_word' id='word_1_286' title='bbox 765 2618 836 2658; x_wconf 91' lang='lat' dir='ltr'>ille</span> <span class='ocrx_word' id='word_1_287' title='bbox 865 2619 968 2658; x_wconf 89' lang='lat' dir='ltr'>civis</span> <span class='ocrx_word' id='word_1_288' title='bbox 989 2618 1097 2658; x_wconf 87' lang='lat' dir='ltr'>hanc</span> <span class='ocrx_word' id='word_1_289' title='bbox 1118 2618 1254 2669; x_wconf 86' lang='lat' dir='ltr'>legem</span> <span class='ocrx_word' id='word_1_290' title='bbox 1283 2617 1428 2657; x_wconf 86' lang='lat' dir='ltr'>tulerit</span> <span class='ocrx_word' id='word_1_291' title='bbox 1455 2622 1502 2657; x_wconf 88' lang='lat' dir='ltr'>ut</span> <span class='ocrx_word' id='word_1_292' title='bbox 1527 2615 1760 2668; x_wconf 82' lang='grc' dir='ltr'>παρανόμων</span> 
     </span>
     <span class='ocr_line' id='line_1_33' title="bbox 209 2694 1760 2747; baseline -0.002 -11"><span class='ocrx_word' id='word_1_293' title='bbox 209 2698 491 2737; x_wconf 83' lang='lat' dir='ltr'>accusaretur.</span> <span class='ocrx_word' id='word_1_294' title='bbox 549 2708 686 2747; x_wconf 89' lang='lat' dir='ltr'>neque</span> <span class='ocrx_word' id='word_1_295' title='bbox 728 2697 839 2736; x_wconf 89' lang='lat' dir='ltr'>enim</span> <span class='ocrx_word' id='word_1_296' title='bbox 880 2700 1021 2747; x_wconf 87' lang='lat' dir='ltr'>potest</span> <span class='ocrx_word' id='word_1_297' title='bbox 1062 2696 1196 2745; x_wconf 85' lang='lat' dir='ltr'>credi,</span> <span class='ocrx_word' id='word_1_298' title='bbox 1234 2708 1362 2746; x_wconf 91' lang='lat' dir='ltr'>quum</span> <span class='ocrx_word' id='word_1_299' title='bbox 1403 2694 1608 2735; x_wconf 85' lang='lat' dir='ltr'>Eucrates</span> <span class='ocrx_word' id='word_1_300' title='bbox 1650 2694 1760 2734; x_wconf 87' lang='lat' dir='ltr'>inter</span> 
     </span>
     <span class='ocr_line' id='line_1_34' title="bbox 210 2773 1759 2826; baseline -0.001 -13"><span class='ocrx_word' id='word_1_301' title='bbox 210 2787 341 2814; x_wconf 83' lang='lat' dir='ltr'>annos</span> <span class='ocrx_word' id='word_1_302' title='bbox 374 2775 453 2815; x_wconf 83' lang='lat'>404</span> <span class='ocrx_word' id='word_1_303' title='bbox 490 2777 535 2814; x_wconf 91' lang='lat' dir='ltr'>et</span> <span class='ocrx_word' id='word_1_304' title='bbox 561 2776 639 2814; x_wconf 89' lang='lat'>403</span> <span class='ocrx_word' id='word_1_305' title='bbox 665 2778 845 2815; x_wconf 87' lang='lat' dir='ltr'>mortem</span> <span class='ocrx_word' id='word_1_306' title='bbox 883 2776 1162 2824; x_wconf 88' lang='lat' dir='ltr'>occubuisset,</span> <span class='ocrx_word' id='word_1_307' title='bbox 1198 2774 1375 2826; x_wconf 85' lang='lat' dir='ltr'>triginta</span> <span class='ocrx_word' id='word_1_308' title='bbox 1403 2773 1514 2812; x_wconf 88' lang='lat' dir='ltr'>viros</span> <span class='ocrx_word' id='word_1_309' title='bbox 1544 2773 1656 2812; x_wconf 88' lang='lat' dir='ltr'>bona</span> <span class='ocrx_word' id='word_1_310' title='bbox 1682 2785 1759 2822; x_wconf 87' lang='lat' dir='ltr'>pu-</span> 
     </span>
    </p>
   </div>
   <div class='ocr_carea' id='block_1_3' title="bbox 276 2881 518 2886">
    <p class='ocr_par' dir='ltr' id='par_1_3' title="bbox 276 2881 518 2886">
     <span class='ocr_line' id='line_1_35' title="bbox 276 2881 518 2886; baseline 0 0"><span class='ocrx_word' id='word_1_311' title='bbox 276 2881 518 2886; x_wconf 95' lang='lat' dir='ltr'> </span> 
     </span>
    </p>
   </div>
   <div class='ocr_carea' id='block_1_4' title="bbox 324 2942 773 2996">
    <p class='ocr_par' dir='ltr' id='par_1_4' title="bbox 324 2942 773 2996">
     <span class='ocr_line' id='line_1_36' title="bbox 324 2942 773 2996; baseline 0 -13"><span class='ocrx_word' id='word_1_312' title='bbox 324 2943 380 2996; x_wconf 74' lang='grc' dir='ltr'>Η’)</span> <span class='ocrx_word' id='word_1_313' title='bbox 408 2942 570 2983; x_wconf 89' lang='lat' dir='ltr'>Andoc.</span> <span class='ocrx_word' id='word_1_314' title='bbox 601 2944 631 2984; x_wconf 91' lang='grc' dir='ltr'>Ι.</span> <span class='ocrx_word' id='word_1_315' title='bbox 659 2943 682 2995; x_wconf 64' lang='grc' dir='ltr'>ξ</span> <span class='ocrx_word' id='word_1_316' title='bbox 712 2945 773 2983; x_wconf 88' lang='grc'>90.</span> 
     </span>
    </p>
   </div>
  </div>
 </body>
</html>
