1895 3322
260 1002 464 1090 constat
491 1045 600 1086 inter
620 1055 763 1084 omnes
791 1041 904 1082 viros
926 1041 1084 1091 doctos,
1108 1042 1295 1081 oratores
1324 1040 1396 1093 qui
1426 1043 1576 1092 quarto
1604 1053 1691 1081 sae-

157 1123 252 1163 culo
297 1136 331 1162 a.
370 1098 477 1163 Chrs
500 1136 539 1160 n.
568 1121 802 1173 floruerunt
827 1119 1089 1169 praestitisse
1123 1119 1174 1157 iis
1206 1118 1278 1169 qui
1319 1121 1417 1169 post
1458 1117 1692 1157 Alexandri

153 1203 298 1255 Magni
331 1204 509 1241 mortem
546 1197 811 1250 eloquentiae
851 1196 1114 1237 studuerunt.
1171 1210 1300 1248 quum
1334 1195 1444 1236 enim
1481 1208 1505 1234 a
1539 1195 1690 1236 Demo-

154 1277 313 1329 sthene,
341 1278 561 1328 Aeschine,
588 1275 802 1329 Hyperide
829 1276 1018 1315 Atticum
1047 1276 1216 1315 dicendi
1245 1287 1376 1327 genus
1405 1274 1458 1315 ad
1486 1288 1690 1314 summam

154 1355 455 1408 perfectionem
489 1355 742 1407 perductum
778 1355 904 1402 esset,
941 1352 1014 1404 qui
1048 1354 1195 1403 postea
1234 1351 1462 1404 viguerunt
1503 1355 1690 1393 oratores

154 1438 227 1474 aut
253 1446 323 1474 eos
351 1432 485 1484 ipsos,
523 1430 596 1483 qui
636 1433 678 1470 et
704 1430 749 1469 in
778 1429 956 1469 dicendo
986 1432 1029 1469 et
1054 1429 1098 1468 in
1126 1429 1348 1469 scribendo
1376 1429 1590 1480 principes
1619 1443 1689 1469 ex—

152 1509 362 1558 stiterunt,
391 1506 544 1547 imitati
571 1509 681 1556 sunt,
709 1504 840 1546 veluti
861 1504 1111 1555 Dinarchus,
1139 1507 1212 1544 aut
1240 1505 1275 1544 si
1304 1504 1409 1555 quid
1435 1519 1512 1556 per
1539 1520 1583 1547 se
1609 1507 1691 1558 ipsi

152 1589 196 1628 in
231 1587 366 1626 lucem
402 1584 672 1637 protulerunt
705 1571 885 1624 multum
924 1582 1207 1623 discesserunt
1241 1584 1293 1623 ab
1331 1583 1499 1622 illorum
1536 1597 1689 1636 genere

154 1664 333 1705 dicendi.
397 1665 524 1714 atque
559 1662 603 1702 in
639 1661 790 1701 horum
830 1673 1049 1700 numerum
1085 1660 1326 1701 referendus
1362 1665 1425 1701 est
1463 1661 1688 1702 Phalereus

153 1741 403 1790 Demetrius,
432 1753 568 1791 quem,
596 1752 726 1790 quum
754 1738 989 1778 orationem
1028 1738 1197 1778 mollem
1238 1741 1509 1790 teneramque
1548 1740 1687 1780 reddi-

154 1818 284 1858 disset
319 1820 361 1858 et
395 1816 533 1857 suavis
567 1815 701 1855 videri
735 1814 951 1854 maluisset
979 1827 1104 1865 quam
1133 1814 1296 1866 graviS,
1323 1815 1505 1866 primum
1533 1818 1686 1858 oratio-

152 1908 247 1935 nem
285 1894 495 1934 infiexisse
529 1894 675 1934 Cicero
717 1893 807 1944 ipse
848 1895 1000 1932 censet.
1053 1896 1152 1943 post
1189 1893 1276 1933 eius
1316 1897 1454 1935 autem
1494 1899 1686 1947 tempora

154 1973 342 2014 Atticum
371 1973 477 2013 illud
505 1971 675 2014 dicendi
702 1985 832 2025 genus
861 1971 904 2011 in
923 1971 1066 2011 Asiam
1093 1972 1343 2011 translatum
1371 1975 1445 2023 est,
1473 1976 1598 2024 atque
1627 1974 1687 2014 ibi

154 2051 318 2091 duobus
337 2050 480 2090 ‘modis
499 2053 726 2091 tractatum
755 2052 882 2101 atque
909 2050 1080 2090 cultum.
1137 2064 1289 2099 „unum
1316 2063 1448 2103 genus
1476 2052 1688 2094 Asiaticae

153 2129 368 2180 dictionis,
404 2133 450 2170 ut
486 2130 545 2169 ait
581 2129 729 2169 Cicero
757 2129 800 2167 in
827 2127 958 2168 Bruto
988 2128 1010 2182 ξ
1040 2130 1132 2179 325,
1161 2129 1465 2169 sententiosum
1494 2133 1535 2170 et
1563 2144 1686 2183 argu·

152 2210 253 2257 tum,
286 2207 503 2248 sententiis
531 2220 615 2247 non
642 2210 729 2248 tam
757 2206 956 2259 gravibus
994 2210 1036 2247 et
1064 2207 1218 2247 severis
1247 2221 1373 2259 quam
1402 2209 1616 2249 concinnis
1647 2214 1688 2251 et

151 2285 349 2326 venustis.
387 2284 502 2324 aliud
522 2297 656 2336 genus
677 2287 740 2324 est
766 2296 850 2324 non
868 2287 955 2323 tam
983 2284 1200 2323 sententiis
1221 2283 1532 2335 frequentatum
1561 2300 1687 2337 quam

151 2361 289 2402 verbis
332 2362 500 2402 volucre
535 2365 662 2413 atque
703 2362 924 2402 incitatum
964 2374 1041 2401 nec
1083 2361 1254 2401 flumine
1295 2362 1431 2402 solum
1473 2365 1687 2415 orationis,

150 2440 223 2480 sed
253 2440 382 2481 etiam
410 2444 612 2481 exornato
634 2443 675 2479 et
703 2438 814 2479 facto
852 2452 1005 2492 genere
1037 2439 1300 2479 verborum“.
1354 2444 1481 2492 atque
1516 2441 1596 2482 hoo
1624 2443 1685 2483 di-

150 2517 274 2558 cendi
300 2531 431 2571 genus
460 2518 512 2559 ab
541 2518 766 2559 Hortensio
796 2519 848 2558 ad
879 2518 1089 2559 Romanos
1116 2518 1368 2561 translatum
1397 2522 1470 2570 est,
1498 2520 1542 2559 id
1572 2521 1686 2572 quod

150 2595 367 2646 aliquanto
402 2598 501 2647 post
544 2595 927 2646 reprehendebant,
969 2594 1121 2645 quibus
1178 2594 1311 2635 Attici
1358 2600 1544 2638 oratores
1595 2599 1682 2639 lau-

150 2671 278 2712 dandi
308 2674 573 2714 videbantur.
628 2677 671 2714 et
697 2673 727 2712 ii
757 2673 928 2724 quidem
957 2686 1087 2724 quum
1116 2671 1403 2724 Thucydidem
1431 2674 1685 2727 Xenophon-

147 2751 318 2801 temque
356 2755 447 2791 tum
488 2751 657 2803 Lysiam
705 2751 900 2791 laudibus
943 2751 1196 2791 extulerunt.
1259 2751 1343 2790 iam
1384 2755 1505 2792 antea
1545 2756 1686 2793 autem

148 2826 349 2879 Hegesias
376 2829 546 2880 Lysiam
573 2829 760 2870 imitatus
791 2832 856 2869 est
875 2828 959 2880 qui,
987 2832 1035 2868 ut
1055 2829 1114 2869 ait
1133 2828 1277 2869 Cicero
1299 2827 1342 2867 in
1361 2833 1527 2871 oratore
1555 2830 1578 2883 ἓ
1597 2833 1686 2882 226,

148 2917 415 2947 numerosam
443 2906 870 2959 comprehensionem,
899 2920 982 2959 qua
1018 2906 1216 2947 utebatur
1243 2906 1556 2960 Demosthenes,
1592 2923 1685 2961 per-

1406 2990 1427 3028 1
