1895 3322
949 120 975 166 7

200 252 274 289 set.
304 249 431 308 multi⁴
442 249 568 289 etiam
594 248 814 288 nonnullas
839 245 1104 297 interpretati
1128 247 1226 286 sunt
1240 247 1288 285 ut
1300 243 1502 293 Bromius,
1518 241 1750 282 Rauchen·‘

200 328 384 378 steinius,
413 327 745 381 Frohbergerus‚
773 339 917 367 omnes
945 326 990 365 in
1017 337 1250 365 sermonem
1277 322 1461 374 patrium
1488 320 1616 362 vertit
1642 319 1736 360 Fal-

170 416 172 418 ·
201 405 307 444 kius.
355 418 492 456 neque
520 418 618 445 vero
652 417 794 444 omnes
822 403 982 455 pariter
1007 404 1213 442 tractatae
1243 403 1352 441 sunt.
1398 400 1541 451 itaque
1567 398 1620 438 ad
1648 411 1738 438 ora-

201 483 336 522 tiones
356 483 660 534 intellegendas
690 481 852 532 aliquid
872 479 1021 520 afferre
1055 479 1099 518 in
1128 478 1266 518 animo
1295 478 1429 518 habeo
1451 480 1493 517 et
1521 476 1737 527 disputare

202 560 370 611 quidem
399 560 450 600 de
478 560 668 600 oratione
704 557 1069 610 duodevigesima,
1104 558 1167 597 ita
1197 560 1241 596 ut
1270 559 1311 596 et
1339 556 1391 596 de
1420 557 1668 607 argumento
1698 558 1740 594 et

201 638 252 677 de
280 638 442 678 ratione
471 637 638 677 dicendi
667 649 749 688 qua
777 649 875 676 usus
905 639 967 675 est
994 635 1140 687 Lysias
1168 646 1304 686 pauca
1333 634 1481 674 dicam.

817 843 1037 925 &apat
1081 842 1127 909 U„

300 1000 367 1039 Ex
407 1000 515 1039 libro
557 999 845 1050 manuscripto
896 997 1242 1050 Heidelbergensi
1292 996 1588 1048 cognovimus,
1629 995 1737 1036 hanc

197 1077 428 1117 orationem
448 1079 629 1129 aspri-fig
657 1076 884 1128 δημεύσεως
912 1078 984 1117 τῶν
1012 1078 1078 1117 τοῦ
1101 1078 1243 1116 Νικίου
1273 1073 1443 1126 ἀδελφοῦ
1473 1075 1650 1125 ἐπίλογος
1677 1074 1738 1112 in·

199 1154 338 1193 scribi.
394 1155 573 1193 Galenus
589 1155 623 1205 3)
659 1157 809 1203 autem,
838 1154 910 1204 qui
946 1154 968 1205 ξ
999 1155 1021 1192 2
1050 1153 1172 1192 huius
1202 1152 1403 1192 orationis
1432 1152 1599 1200 laudat,
1628 1150 1734 1190 dicit

200 1230 368 1269 titulum
398 1243 486 1269 esse
515 1230 611 1269 huic
646 1231 826 1270 orationi
855 1229 953 1271 κατὰ
972 1229 1182 1282 Πολιόχου.
1237 1230 1380 1280 itaque
1409 1242 1538 1279 quum
1566 1227 1740 1267 dubium

201 1320 289 1346 esse
317 1320 402 1346 non
429 1308 578 1358 possit,
599 1307 707 1358 ‘quin
737 1307 917 1346 Galenus
953 1307 1058 1345 illud
1096 1306 1357 1346 enuntiatum
1387 1319 1438 1345 ex
1467 1318 1515 1344 ea
1551 1304 1741 1343 oratione

202 1397 307 1433 quae
328 1387 390 1423 est
413 1385 456 1423 in
485 1385 676 1424 manibus
698 1385 934 1435 sumpserit,
965 1384 1251 1435 quaerendum
1273 1387 1336 1423 est
1356 1383 1457 1434 quid
1480 1383 1531 1422 de
1560 1385 1741 1432 utroque

203 1461 327 1501 titulo
358 1461 611 1502 censendum
643 1462 708 1501 sit.

307 1565 481 1605 Constat
508 1566 616 1606 inter
652 1579 794 1606 omnes
834 1567 946 1607 viros
976 1566 1145 1617 doctos,
1182 1566 1290 1605 hanc
1318 1565 1552 1606 orationem
1581 1564 1632 1604 de
1660 1577 1742 1616 qua

203 1643 491 1694 disputaturus
530 1657 621 1683 sum
657 1644 830 1684 exordio
871 1645 1039 1696 perdito
1075 1659 1164 1685 esse
1202 1645 1393 1684 mutilam
1429 1648 1556 1695 atque
1594 1643 1740 1683 decur-

201 1723 344 1760 tatam.
387 1724 428 1760 et
447 1721 609 1760 hiatum
632 1721 814 1772 quidem,
836 1722 907 1773 qui
929 1725 991 1762 est
1010 1723 1120 1762 inter
1140 1723 1350 1762 orationes
1373 1721 1504 1761 XVII.
1526 1723 1568 1760 et
1587 1720 1741 1760 XVIII.

203 1799 247 1837 in
275 1799 385 1838 libro
414 1799 618 1848 Palatino,
648 1800 780 1839 multo
811 1804 907 1840 ante
928 1814 1052 1852 quam
1081 1801 1152 1840 ille
1175 1800 1308 1840 codex
1337 1799 1594 1839 scriberetur
1622 1811 1741 1838 exor-

201 1880 291 1915 tum
312 1890 412 1916 esse.
428 1878 462 1928 4)
519 1877 662 1928 itaque
688 1877 816 1927 tituli,
846 1892 970 1929 quem
999 1879 1070 1918 ille
1100 1879 1233 1918 codex
1261 1878 1447 1929 praebet,
1475 1889 1742 1928 nequaquam

201 1955 309 1995 ratio
344 1955 548 2005 habenda
573 1960 656 2005 est,
694 1971 822 2008 quum
861 1962 1064 2009 appareat
1102 1971 1195 1997 eum
1229 1958 1376 2007 postea
1418 1955 1611 1996 additum
1653 1967 1742 1994 esse

201 2046 337 2083 neque
366 2033 478 2083 quod
506 2033 689 2073 Blassius
705 2037 738 2087 ⁵)
767 2038 889 2085 putat
916 2035 1050 2074 solum
1082 2035 1275 2073 ultimum
1302 2034 1496 2083 verbum3
1533 2045 1659 2084 quam
1688 2033 1742 2072 ob

201 2124 289 2151 rem
318 2110 371 2150 ad
393 2110 596 2151 Galenum
616 2115 803 2152 transeat
822 2113 957 2152 oratio
978 2125 1081 2152 mea.
1130 2111 1201 2162 qui
1223 2125 1351 2162 quum
1371 2111 1536 2151 saeculo
1558 2111 1742 2150 secundo

202 2191 299 2238 post
328 2188 423 2227 Chr.
460 2202 499 2228 n.
540 2189 694 2228 vixerit
721 2202 856 2240 neque
890 2190 1082 2240 intellegi
1111 2189 1245 2239 possit
1274 2202 1348 2228 cur
1376 2189 1562 2228 medicus
1593 2188 1742 2227 doctus

200 2279 274 2305 sua
311 2270 461 2317 sponte
500 2267 670 2307 titulum
711 2268 913 2307 orationis
950 2267 1196 2316 mutaverit,
1230 2266 1465 2317 putandum
1502 2267 1624 2307 nobis
1662 2266 1745 2307 erit

201 2342 309 2383 hanc
346 2344 578 2383 orationem
612 2345 672 2401 ita
706 2348 752 2384 ut
787 2346 1011 2385 memoriae
1045 2344 1237 2397 prodidit
1274 2344 1455 2384 Galenus
1495 2344 1743 2396 inscriptam

202 2420 328 2459 fuisse
363 2425 489 2471 atque
524 2402 635 2460 1111116
670 2422 841 2460 titulum
876 2422 1127 2477 servandum
1165 2436 1264 2471 esse,
1301 2423 1382 2461 nisi
1419 2418 1529 2462 fort'e
1558 2423 1743 2462 elucebit

204 2511 297 2537 eum
325 2501 574 2550 argumento
603 2498 726 2539 huius
762 2499 963 2540 orationis
1000 2513 1249 2552 repugnare.
1305 2503 1367 2540 est
1405 2500 1514 2540 enim
1551 2503 1743 2552 apertum

201 2576 372 2616 titulum
401 2576 501 2618 κατὰ
522 2577 718 2631 Πολιόχου
748 2592 823 2617 nos
853 2578 1016 2628 docere,
1044 2579 1161 2618 litem
1181 2577 1380 2617 Poliocho
1409 2578 1615 2617 intentam
1643 2591 1747 2629 esse,
1823 2610 1827 2614 .

203 2658 245 2693 et
273 2668 323 2694 ex
358 2656 670 2706 praepositione
709 2656 809 2697 κατὰ
848 2657 985 2698 elucet
1017 2657 1108 2697 fore
1142 2660 1189 2697 ut
1216 2658 1251 2696 si
1279 2670 1404 2697 causa
1442 2657 1613 2698 caderet
1647 2671 1743 2698 reus

202 2745 339 2784 poena
368 2733 597 2773 constituta
626 2733 879 2775 afficeretur.

207 2915 241 2967 ὁ)
270 2862 474 2966 Ρ3)52ἲ1701.
511 2863 675 2914 XVIII,
710 2866 744 2903 2.
782 2877 821 2915 p.
866 2865 952 2905 657.
992 2864 1055 2904 ed.
1100 2864 1261 2905 Kuehn.
1332 2866 1369 2916 4)
1408 2864 1538 2907 Blass.
1578 2878 1620 2916 p,
1661 2867 1745 2907 371.

1456 2995 1509 3034 1*
