<?xml version="1.0" encoding="UTF-8"?>
<!DOCTYPE html PUBLIC "-//W3C//DTD XHTML 1.0 Transitional//EN"
    "http://www.w3.org/TR/xhtml1/DTD/xhtml1-transitional.dtd">
<html xmlns="http://www.w3.org/1999/xhtml" xml:lang="en" lang="en">
 <head>
  <title>
</title>
<meta http-equiv="Content-Type" content="text/html;charset=utf-8" />
  <meta name='ocr-system' content='tesseract 3.04.00' />
  <meta name='ocr-capabilities' content='ocr_page ocr_carea ocr_par ocr_line ocrx_word'/>
</head>
<body>
  <div class='ocr_page' id='page_1' title='image "4737163_0033.png"; bbox 0 0 1895 3322; ppageno 0'>
   <div class='ocr_carea' id='block_1_1' title="bbox 903 117 963 165">
    <p class='ocr_par' dir='ltr' id='par_1_1' title="bbox 903 117 963 165">
     <span class='ocr_line' id='line_1_1' title="bbox 903 117 963 165; baseline 0.017 -1"><span class='ocrx_word' id='word_1_1' title='bbox 903 117 963 165; x_wconf 79' lang='lat'><strong>27</strong></span> 
     </span>
    </p>
   </div>
   <div class='ocr_carea' id='block_1_2' title="bbox 145 244 1711 2155">
    <p class='ocr_par' dir='ltr' id='par_1_2' title="bbox 145 244 1711 2155">
     <span class='ocr_line' id='line_1_2' title="bbox 161 244 1694 298; baseline 0.003 -15"><span class='ocrx_word' id='word_1_2' title='bbox 161 244 255 284; x_wconf 87' lang='lat' dir='ltr'><strong>nius</strong></span> <span class='ocrx_word' id='word_1_3' title='bbox 284 246 406 295; x_wconf 86' lang='lat' dir='ltr'><strong>putet</strong></span> <span class='ocrx_word' id='word_1_4' title='bbox 433 246 480 284; x_wconf 89' lang='lat' dir='ltr'><strong>ut</strong></span> <span class='ocrx_word' id='word_1_5' title='bbox 514 244 725 286; x_wconf 76' lang='lat' dir='ltr'><strong>accusatio</strong></span> <span class='ocrx_word' id='word_1_6' title='bbox 755 247 1090 296; x_wconf 79' lang='lat' dir='ltr'><strong>componeretur.</strong></span> <span class='ocrx_word' id='word_1_7' title='bbox 1118 248 1247 296; x_wconf 89' lang='lat' dir='ltr'><strong>atque</strong></span> <span class='ocrx_word' id='word_1_8' title='bbox 1273 246 1364 285; x_wconf 87' lang='lat' dir='ltr'><strong>ille:</strong></span> <span class='ocrx_word' id='word_1_9' title='bbox 1406 249 1694 298; x_wconf 84' lang='lat' dir='ltr'><strong>„propositum</strong></span> 
     </span>
     <span class='ocr_line' id='line_1_3' title="bbox 161 320 1703 374; baseline 0.002 -13"><span class='ocrx_word' id='word_1_10' title='bbox 161 320 290 362; x_wconf 88' lang='lat' dir='ltr'><strong>fuisse</strong></span> <span class='ocrx_word' id='word_1_11' title='bbox 317 320 452 361; x_wconf 84' lang='lat' dir='ltr'><strong>videri</strong></span> <span class='ocrx_word' id='word_1_12' title='bbox 479 333 504 360; x_wconf 89' lang='lat' dir='ltr'><strong>a</strong></span> <span class='ocrx_word' id='word_1_13' title='bbox 522 320 724 361; x_wconf 87' lang='lat' dir='ltr'><strong>Poliocho</strong></span> <span class='ocrx_word' id='word_1_14' title='bbox 745 321 1002 373; x_wconf 80' lang='lat' dir='ltr'><strong>psephisma,</strong></span> <span class='ocrx_word' id='word_1_15' title='bbox 1031 334 1114 372; x_wconf 89' lang='lat' dir='ltr'><strong>quo</strong></span> <span class='ocrx_word' id='word_1_16' title='bbox 1134 321 1342 361; x_wconf 88' lang='lat' dir='ltr'><strong>incertum</strong></span> <span class='ocrx_word' id='word_1_17' title='bbox 1364 335 1447 374; x_wconf 91' lang='lat' dir='ltr'><strong>quo</strong></span> <span class='ocrx_word' id='word_1_18' title='bbox 1466 326 1703 374; x_wconf 86' lang='lat' dir='ltr'><strong>praetextu,</strong></span> 
     </span>
     <span class='ocr_line' id='line_1_4' title="bbox 165 398 1702 451; baseline 0.002 -13"><span class='ocrx_word' id='word_1_19' title='bbox 165 398 459 439; x_wconf 87' lang='lat' dir='ltr'><strong>damnatorum</strong></span> <span class='ocrx_word' id='word_1_20' title='bbox 486 399 599 440; x_wconf 87' lang='lat' dir='ltr'><strong>bona</strong></span> <span class='ocrx_word' id='word_1_21' title='bbox 627 412 734 450; x_wconf 89' lang='lat' dir='ltr'><strong>quae</strong></span> <span class='ocrx_word' id='word_1_22' title='bbox 762 400 910 440; x_wconf 83' lang='lat' dir='ltr'><strong>civitas</strong></span> <span class='ocrx_word' id='word_1_23' title='bbox 938 401 1012 438; x_wconf 86' lang='lat' dir='ltr'><strong>aut</strong></span> <span class='ocrx_word' id='word_1_24' title='bbox 1030 398 1277 449; x_wconf 77' lang='lat' dir='ltr'><strong>possederat</strong></span> <span class='ocrx_word' id='word_1_25' title='bbox 1302 403 1376 439; x_wconf 88' lang='lat' dir='ltr'><strong>aut</strong></span> <span class='ocrx_word' id='word_1_26' title='bbox 1401 400 1632 451; x_wconf 83' lang='lat' dir='ltr'><strong>reliquerat</strong></span> <span class='ocrx_word' id='word_1_27' title='bbox 1659 402 1702 441; x_wconf 88' lang='lat' dir='ltr'><strong>in</strong></span> 
     </span>
     <span class='ocr_line' id='line_1_5' title="bbox 163 476 1709 530; baseline 0.003 -15"><span class='ocrx_word' id='word_1_28' title='bbox 163 476 428 528; x_wconf 83' lang='lat' dir='ltr'><strong>possessione</strong></span> <span class='ocrx_word' id='word_1_29' title='bbox 448 476 691 528; x_wconf 89' lang='lat' dir='ltr'><strong>liberorum,</strong></span> <span class='ocrx_word' id='word_1_30' title='bbox 720 476 823 517; x_wconf 89' lang='lat' dir='ltr'><strong>fisco</strong></span> <span class='ocrx_word' id='word_1_31' title='bbox 851 476 1210 518; x_wconf 68' lang='lat' dir='ltr'><strong>vindicarenturf·</strong></span> <span class='ocrx_word' id='word_1_32' title='bbox 1241 480 1408 518; x_wconf 87' lang='lat' dir='ltr'><strong>constat</strong></span> <span class='ocrx_word' id='word_1_33' title='bbox 1437 479 1608 530; x_wconf 89' lang='lat' dir='ltr'><strong>quidem</strong></span> <span class='ocrx_word' id='word_1_34' title='bbox 1636 480 1709 520; x_wconf 87' lang='lat' dir='ltr'><strong>tri-</strong></span> 
     </span>
     <span class='ocr_line' id='line_1_6' title="bbox 167 553 1709 605; baseline 0.003 -13"><span class='ocrx_word' id='word_1_35' title='bbox 167 553 287 605; x_wconf 80' lang='lat' dir='ltr'><strong>ginta</strong></span> <span class='ocrx_word' id='word_1_36' title='bbox 313 554 425 594; x_wconf 86' lang='lat' dir='ltr'><strong>viros</strong></span> <span class='ocrx_word' id='word_1_37' title='bbox 461 555 573 595; x_wconf 89' lang='lat' dir='ltr'><strong>bona</strong></span> <span class='ocrx_word' id='word_1_38' title='bbox 607 567 753 594; x_wconf 88' lang='lat' dir='ltr'><strong>eorum</strong></span> <span class='ocrx_word' id='word_1_39' title='bbox 791 554 862 605; x_wconf 91' lang='lat' dir='ltr'><strong>qui</strong></span> <span class='ocrx_word' id='word_1_40' title='bbox 892 553 1135 593; x_wconf 87' lang='lat' dir='ltr'><strong>auctoribus</strong></span> <span class='ocrx_word' id='word_1_41' title='bbox 1163 553 1265 603; x_wconf 83' lang='lat' dir='ltr'><strong>ipsis</strong></span> <span class='ocrx_word' id='word_1_42' title='bbox 1300 559 1479 595; x_wconf 89' lang='lat' dir='ltr'><strong>mortem</strong></span> <span class='ocrx_word' id='word_1_43' title='bbox 1507 556 1709 597; x_wconf 83' lang='lat' dir='ltr'><strong>obiissent</strong></span> 
     </span>
     <span class='ocr_line' id='line_1_7' title="bbox 165 628 1709 680; baseline 0.001 -11"><span class='ocrx_word' id='word_1_44' title='bbox 165 630 463 680; x_wconf 88' lang='lat' dir='ltr'><strong>publicavisse.</strong></span> <span class='ocrx_word' id='word_1_45' title='bbox 504 643 554 670; x_wconf 84' lang='lat' dir='ltr'><strong>ac</strong></span> <span class='ocrx_word' id='word_1_46' title='bbox 583 644 635 670; x_wconf 90' lang='lat' dir='ltr'><strong>ne</strong></span> <span class='ocrx_word' id='word_1_47' title='bbox 661 630 742 669; x_wconf 89' lang='lat' dir='ltr'><strong>hoc</strong></span> <span class='ocrx_word' id='word_1_48' title='bbox 772 629 941 680; x_wconf 84' lang='lat' dir='ltr'><strong>quidem</strong></span> <span class='ocrx_word' id='word_1_49' title='bbox 971 628 1148 667; x_wconf 89' lang='lat' dir='ltr'><strong>dubium</strong></span> <span class='ocrx_word' id='word_1_50' title='bbox 1177 631 1240 667; x_wconf 85' lang='lat' dir='ltr'><strong>est</strong></span> <span class='ocrx_word' id='word_1_51' title='bbox 1269 629 1382 679; x_wconf 88' lang='lat' dir='ltr'><strong>quin,</strong></span> <span class='ocrx_word' id='word_1_52' title='bbox 1410 643 1539 680; x_wconf 90' lang='lat' dir='ltr'><strong>quum</strong></span> <span class='ocrx_word' id='word_1_53' title='bbox 1568 632 1709 670; x_wconf 81' lang='lat' dir='ltr'><strong>exules</strong></span> 
     </span>
     <span class='ocr_line' id='line_1_8' title="bbox 145 706 1710 759; baseline 0.001 -13"><span class='ocrx_word' id='word_1_54' title='bbox 145 720 190 746; x_wconf 91' lang='lat' dir='ltr'><strong>-e</strong></span> <span class='ocrx_word' id='word_1_55' title='bbox 218 706 367 747; x_wconf 87' lang='lat' dir='ltr'><strong>Piraeo</strong></span> <span class='ocrx_word' id='word_1_56' title='bbox 395 707 439 747; x_wconf 90' lang='lat' dir='ltr'><strong>in</strong></span> <span class='ocrx_word' id='word_1_57' title='bbox 468 708 616 747; x_wconf 90' lang='lat' dir='ltr'><strong>urbem</strong></span> <span class='ocrx_word' id='word_1_58' title='bbox 634 707 871 756; x_wconf 88' lang='lat' dir='ltr'><strong>rediissent,</strong></span> <span class='ocrx_word' id='word_1_59' title='bbox 898 720 965 746; x_wconf 89' lang='lat' dir='ltr'><strong>res</strong></span> <span class='ocrx_word' id='word_1_60' title='bbox 995 706 1047 746; x_wconf 90' lang='lat' dir='ltr'><strong>ab</strong></span> <span class='ocrx_word' id='word_1_61' title='bbox 1068 706 1295 758; x_wconf 84' lang='lat' dir='ltr'><strong>oligarchis</strong></span> <span class='ocrx_word' id='word_1_62' title='bbox 1323 711 1445 747; x_wconf 85' lang='lat' dir='ltr'><strong>antea</strong></span> <span class='ocrx_word' id='word_1_63' title='bbox 1469 708 1710 759; x_wconf 87' lang='lat' dir='ltr'><strong>publicatae</strong></span> 
     </span>
     <span class='ocr_line' id='line_1_9' title="bbox 167 783 1710 838; baseline 0.001 -13"><span class='ocrx_word' id='word_1_64' title='bbox 167 786 419 837; x_wconf 89' lang='lat' dir='ltr'><strong>propinquis</strong></span> <span class='ocrx_word' id='word_1_65' title='bbox 453 785 608 825; x_wconf 82' lang='lat' dir='ltr'><strong>civium</strong></span> <span class='ocrx_word' id='word_1_66' title='bbox 635 785 790 825; x_wconf 90' lang='lat' dir='ltr'><strong>iniuste</strong></span> <span class='ocrx_word' id='word_1_67' title='bbox 818 787 1064 824; x_wconf 87' lang='lat' dir='ltr'><strong>necatorum</strong></span> <span class='ocrx_word' id='word_1_68' title='bbox 1093 783 1285 824; x_wconf 84' lang='lat' dir='ltr'><strong>redditae</strong></span> <span class='ocrx_word' id='word_1_69' title='bbox 1313 786 1484 838; x_wconf 71' lang='lat' dir='ltr'><strong>sint‘20).</strong></span> <span class='ocrx_word' id='word_1_70' title='bbox 1540 789 1582 826; x_wconf 91' lang='lat' dir='ltr'><strong>et</strong></span> <span class='ocrx_word' id='word_1_71' title='bbox 1608 786 1710 826; x_wconf 89' lang='lat' dir='ltr'><strong>haec</strong></span> 
     </span>
     <span class='ocr_line' id='line_1_10' title="bbox 169 860 1711 916; baseline 0 -13"><span class='ocrx_word' id='word_1_72' title='bbox 169 864 343 915; x_wconf 89' lang='lat' dir='ltr'><strong>quidem</strong></span> <span class='ocrx_word' id='word_1_73' title='bbox 370 877 437 903; x_wconf 90' lang='lat' dir='ltr'><strong>res</strong></span> <span class='ocrx_word' id='word_1_74' title='bbox 466 867 644 915; x_wconf 83' lang='lat' dir='ltr'><strong>apparet</strong></span> <span class='ocrx_word' id='word_1_75' title='bbox 671 876 723 902; x_wconf 84' lang='lat' dir='ltr'><strong>ex</strong></span> <span class='ocrx_word' id='word_1_76' title='bbox 751 862 955 901; x_wconf 86' lang='lat' dir='ltr'><strong>orationis</strong></span> <span class='ocrx_word' id='word_1_77' title='bbox 993 860 1093 901; x_wconf 90' lang='lat' dir='ltr'><strong>XVI</strong></span> <span class='ocrx_word' id='word_1_78' title='bbox 1120 862 1354 901; x_wconf 86' lang='lat' dir='ltr'><strong>Isocrateae</strong></span> <span class='ocrx_word' id='word_1_79' title='bbox 1381 863 1430 916; x_wconf 61' lang='grc' dir='ltr'><strong>ἓξ</strong></span> <span class='ocrx_word' id='word_1_80' title='bbox 1457 865 1508 903; x_wconf 85' lang='grc'><strong>45</strong></span> <span class='ocrx_word' id='word_1_81' title='bbox 1536 868 1578 903; x_wconf 89' lang='lat' dir='ltr'><strong>et</strong></span> <span class='ocrx_word' id='word_1_82' title='bbox 1605 878 1711 915; x_wconf 90' lang='lat' dir='ltr'><strong>quae</strong></span> 
     </span>
     <span class='ocr_line' id='line_1_11' title="bbox 165 937 1710 993; baseline 0.001 -14"><span class='ocrx_word' id='word_1_83' title='bbox 165 944 408 993; x_wconf 87' lang='lat' dir='ltr'><strong>sequuntur.</strong></span> <span class='ocrx_word' id='word_1_84' title='bbox 462 953 511 980; x_wconf 84' lang='lat' dir='ltr'><strong>ea</strong></span> <span class='ocrx_word' id='word_1_85' title='bbox 541 940 650 982; x_wconf 90' lang='lat' dir='ltr'><strong>enim</strong></span> <span class='ocrx_word' id='word_1_86' title='bbox 679 939 868 980; x_wconf 88' lang='lat' dir='ltr'><strong>oratione</strong></span> <span class='ocrx_word' id='word_1_87' title='bbox 897 937 1006 978; x_wconf 91' lang='lat' dir='ltr'><strong>filius</strong></span> <span class='ocrx_word' id='word_1_88' title='bbox 1026 938 1261 979; x_wconf 87' lang='lat' dir='ltr'><strong>Alcibiadis</strong></span> <span class='ocrx_word' id='word_1_89' title='bbox 1291 943 1464 990; x_wconf 89' lang='lat' dir='ltr'><strong>questus</strong></span> <span class='ocrx_word' id='word_1_90' title='bbox 1493 944 1567 990; x_wconf 90' lang='lat' dir='ltr'><strong>est,</strong></span> <span class='ocrx_word' id='word_1_91' title='bbox 1597 941 1710 991; x_wconf 88' lang='lat' dir='ltr'><strong>quod</strong></span> 
     </span>
     <span class='ocr_line' id='line_1_12' title="bbox 167 1016 1711 1067; baseline 0 -12"><span class='ocrx_word' id='word_1_92' title='bbox 167 1017 218 1055; x_wconf 90' lang='lat' dir='ltr'><strong>iis</strong></span> <span class='ocrx_word' id='word_1_93' title='bbox 249 1017 382 1065; x_wconf 87' lang='lat' dir='ltr'><strong>bonis,</strong></span> <span class='ocrx_word' id='word_1_94' title='bbox 403 1029 512 1067; x_wconf 89' lang='lat' dir='ltr'><strong>quae</strong></span> <span class='ocrx_word' id='word_1_95' title='bbox 539 1017 734 1067; x_wconf 88' lang='lat' dir='ltr'><strong>populus,</strong></span> <span class='ocrx_word' id='word_1_96' title='bbox 756 1019 912 1066; x_wconf 84' lang='lat' dir='ltr'><strong>quanta</strong></span> <span class='ocrx_word' id='word_1_97' title='bbox 940 1016 1194 1054; x_wconf 85' lang='lat' dir='ltr'><strong>liberalitate</strong></span> <span class='ocrx_word' id='word_1_98' title='bbox 1214 1016 1591 1067; x_wconf 84' lang='lat' dir='ltr'><strong>benevolentiaque</strong></span> <span class='ocrx_word' id='word_1_99' title='bbox 1620 1020 1711 1056; x_wconf 87' lang='lat' dir='ltr'><strong>erat</strong></span> 
     </span>
     <span class='ocr_line' id='line_1_13' title="bbox 167 1091 1709 1145; baseline 0 -12"><span class='ocrx_word' id='word_1_100' title='bbox 167 1097 266 1144; x_wconf 87' lang='lat' dir='ltr'><strong>post</strong></span> <span class='ocrx_word' id='word_1_101' title='bbox 302 1092 485 1143; x_wconf 83' lang='lat' dir='ltr'><strong>reditum</strong></span> <span class='ocrx_word' id='word_1_102' title='bbox 521 1093 565 1131; x_wconf 91' lang='lat' dir='ltr'><strong>in</strong></span> <span class='ocrx_word' id='word_1_103' title='bbox 601 1092 769 1141; x_wconf 89' lang='lat' dir='ltr'><strong>urbem,</strong></span> <span class='ocrx_word' id='word_1_104' title='bbox 803 1105 880 1142; x_wconf 89' lang='lat' dir='ltr'><strong>pro</strong></span> <span class='ocrx_word' id='word_1_105' title='bbox 916 1091 1041 1131; x_wconf 87' lang='lat' dir='ltr'><strong>rebus</strong></span> <span class='ocrx_word' id='word_1_106' title='bbox 1078 1105 1102 1131; x_wconf 86' lang='lat' dir='ltr'><strong>a</strong></span> <span class='ocrx_word' id='word_1_107' title='bbox 1135 1093 1312 1145; x_wconf 85' lang='lat' dir='ltr'><strong>triginta</strong></span> <span class='ocrx_word' id='word_1_108' title='bbox 1346 1093 1447 1134; x_wconf 87' lang='lat' dir='ltr'><strong>viris</strong></span> <span class='ocrx_word' id='word_1_109' title='bbox 1482 1093 1709 1144; x_wconf 83' lang='lat' dir='ltr'><strong>publicatis</strong></span> 
     </span>
     <span class='ocr_line' id='line_1_14' title="bbox 170 1169 1710 1222; baseline 0 -13"><span class='ocrx_word' id='word_1_110' title='bbox 170 1171 285 1209; x_wconf 91' lang='lat' dir='ltr'><strong>inter</strong></span> <span class='ocrx_word' id='word_1_111' title='bbox 324 1170 433 1210; x_wconf 91' lang='lat' dir='ltr'><strong>cives</strong></span> <span class='ocrx_word' id='word_1_112' title='bbox 478 1169 660 1220; x_wconf 85' lang='lat' dir='ltr'><strong>partitus</strong></span> <span class='ocrx_word' id='word_1_113' title='bbox 702 1173 804 1217; x_wconf 87' lang='lat' dir='ltr'><strong>erat,</strong></span> <span class='ocrx_word' id='word_1_114' title='bbox 844 1169 1084 1219; x_wconf 85' lang='lat' dir='ltr'><strong>privaretur</strong></span> <span class='ocrx_word' id='word_1_115' title='bbox 1119 1169 1171 1207; x_wconf 90' lang='lat' dir='ltr'><strong>ab</strong></span> <span class='ocrx_word' id='word_1_116' title='bbox 1212 1170 1405 1210; x_wconf 83' lang='lat' dir='ltr'><strong>inimicis.</strong></span> <span class='ocrx_word' id='word_1_117' title='bbox 1459 1183 1560 1222; x_wconf 82' lang='lat' dir='ltr'><strong>sane</strong></span> <span class='ocrx_word' id='word_1_118' title='bbox 1598 1170 1710 1209; x_wconf 87' lang='lat' dir='ltr'><strong>haud</strong></span> 
     </span>
     <span class='ocr_line' id='line_1_15' title="bbox 170 1242 1709 1297; baseline 0 -10"><span class='ocrx_word' id='word_1_119' title='bbox 170 1246 343 1287; x_wconf 84' lang='lat' dir='ltr'><strong>difficile</strong></span> <span class='ocrx_word' id='word_1_120' title='bbox 379 1247 507 1286; x_wconf 89' lang='lat' dir='ltr'><strong>fuisse</strong></span> <span class='ocrx_word' id='word_1_121' title='bbox 543 1246 711 1286; x_wconf 86' lang='lat' dir='ltr'><strong>videtur</strong></span> <span class='ocrx_word' id='word_1_122' title='bbox 749 1245 883 1285; x_wconf 91' lang='lat' dir='ltr'><strong>filium</strong></span> <span class='ocrx_word' id='word_1_123' title='bbox 919 1245 1154 1285; x_wconf 81' lang='lat' dir='ltr'><strong>Alcibiadis</strong></span> <span class='ocrx_word' id='word_1_124' title='bbox 1191 1242 1406 1297; x_wconf 85' lang='lat' dir='ltr'><strong>expertem</strong></span> <span class='ocrx_word' id='word_1_125' title='bbox 1443 1247 1709 1287; x_wconf 83' lang='lat' dir='ltr'><strong>liberalitatis</strong></span> 
     </span>
     <span class='ocr_line' id='line_1_16' title="bbox 167 1322 1710 1375; baseline 0.002 -13"><span class='ocrx_word' id='word_1_126' title='bbox 167 1324 281 1363; x_wconf 88' lang='lat' dir='ltr'><strong>illius</strong></span> <span class='ocrx_word' id='word_1_127' title='bbox 310 1323 414 1364; x_wconf 88' lang='lat' dir='ltr'><strong>fieri.</strong></span> <span class='ocrx_word' id='word_1_128' title='bbox 442 1336 581 1374; x_wconf 90' lang='lat' dir='ltr'><strong>neque</strong></span> <span class='ocrx_word' id='word_1_129' title='bbox 600 1336 698 1363; x_wconf 89' lang='lat' dir='ltr'><strong>vero</strong></span> <span class='ocrx_word' id='word_1_130' title='bbox 727 1326 814 1362; x_wconf 88' lang='lat' dir='ltr'><strong>tam</strong></span> <span class='ocrx_word' id='word_1_131' title='bbox 834 1322 958 1362; x_wconf 87' lang='lat' dir='ltr'><strong>facile</strong></span> <span class='ocrx_word' id='word_1_132' title='bbox 986 1322 1173 1374; x_wconf 85' lang='lat' dir='ltr'><strong>intellegi</strong></span> <span class='ocrx_word' id='word_1_133' title='bbox 1202 1326 1354 1373; x_wconf 89' lang='lat' dir='ltr'><strong>potest,</strong></span> <span class='ocrx_word' id='word_1_134' title='bbox 1384 1338 1467 1375; x_wconf 89' lang='lat' dir='ltr'><strong>qua</strong></span> <span class='ocrx_word' id='word_1_135' title='bbox 1486 1338 1531 1364; x_wconf 85' lang='lat' dir='ltr'><strong>re</strong></span> <span class='ocrx_word' id='word_1_136' title='bbox 1551 1325 1710 1365; x_wconf 79' lang='lat' dir='ltr'><strong>Euora-</strong></span> 
     </span>
     <span class='ocr_line' id='line_1_17' title="bbox 169 1400 1707 1453; baseline 0 -12"><span class='ocrx_word' id='word_1_137' title='bbox 169 1402 224 1441; x_wconf 89' lang='lat' dir='ltr'><strong>tis</strong></span> <span class='ocrx_word' id='word_1_138' title='bbox 245 1402 355 1442; x_wconf 88' lang='lat' dir='ltr'><strong>bona</strong></span> <span class='ocrx_word' id='word_1_139' title='bbox 382 1402 426 1442; x_wconf 92' lang='lat' dir='ltr'><strong>in</strong></span> <span class='ocrx_word' id='word_1_140' title='bbox 453 1404 669 1453; x_wconf 87' lang='lat' dir='ltr'><strong>posterum</strong></span> <span class='ocrx_word' id='word_1_141' title='bbox 689 1400 861 1452; x_wconf 87' lang='lat' dir='ltr'><strong>publica</strong></span> <span class='ocrx_word' id='word_1_142' title='bbox 881 1400 973 1440; x_wconf 89' lang='lat' dir='ltr'><strong>fieri</strong></span> <span class='ocrx_word' id='word_1_143' title='bbox 992 1404 1255 1440; x_wconf 84' lang='lat' dir='ltr'><strong>accusatores</strong></span> <span class='ocrx_word' id='word_1_144' title='bbox 1285 1401 1494 1441; x_wconf 89' lang='lat' dir='ltr'><strong>iusserint.</strong></span> <span class='ocrx_word' id='word_1_145' title='bbox 1537 1403 1571 1441; x_wconf 92' lang='lat' dir='ltr'><strong>si</strong></span> <span class='ocrx_word' id='word_1_146' title='bbox 1599 1404 1707 1442; x_wconf 88' lang='lat' dir='ltr'><strong>enim</strong></span> 
     </span>
     <span class='ocr_line' id='line_1_18' title="bbox 169 1477 1710 1531; baseline 0.001 -13"><span class='ocrx_word' id='word_1_147' title='bbox 169 1479 215 1529; x_wconf 86' lang='lat' dir='ltr'><strong>is,</strong></span> <span class='ocrx_word' id='word_1_148' title='bbox 244 1479 319 1530; x_wconf 92' lang='lat' dir='ltr'><strong>qui</strong></span> <span class='ocrx_word' id='word_1_149' title='bbox 348 1478 533 1530; x_wconf 86' lang='lat' dir='ltr'><strong>priorem</strong></span> <span class='ocrx_word' id='word_1_150' title='bbox 562 1478 698 1530; x_wconf 86' lang='lat' dir='ltr'><strong>legem</strong></span> <span class='ocrx_word' id='word_1_151' title='bbox 734 1478 902 1527; x_wconf 78' lang='lat' dir='ltr'><strong>tulerat,</strong></span> <span class='ocrx_word' id='word_1_152' title='bbox 939 1478 1049 1517; x_wconf 88' lang='lat' dir='ltr'><strong>bona</strong></span> <span class='ocrx_word' id='word_1_153' title='bbox 1077 1477 1272 1517; x_wconf 86' lang='lat' dir='ltr'><strong>Eucratis</strong></span> <span class='ocrx_word' id='word_1_154' title='bbox 1309 1478 1407 1520; x_wconf 86' lang='lat' dir='ltr'><strong>filiis</strong></span> <span class='ocrx_word' id='word_1_155' title='bbox 1444 1480 1628 1531; x_wconf 86' lang='lat' dir='ltr'><strong>reddita,</strong></span> <span class='ocrx_word' id='word_1_156' title='bbox 1664 1485 1710 1520; x_wconf 91' lang='lat' dir='ltr'><strong>ut</strong></span> 
     </span>
     <span class='ocr_line' id='line_1_19' title="bbox 168 1554 1710 1609; baseline -0.001 -11"><span class='ocrx_word' id='word_1_157' title='bbox 168 1559 334 1609; x_wconf 83' lang='grc' dir='ltr'>τιμωρία</span> <span class='ocrx_word' id='word_1_158' title='bbox 361 1558 435 1598; x_wconf 85' lang='grc' dir='ltr'><strong>τῶν</strong></span> <span class='ocrx_word' id='word_1_159' title='bbox 462 1554 783 1607; x_wconf 62' lang='grc' dir='ltr'>παρεληλυὲῖότων</span> <span class='ocrx_word' id='word_1_160' title='bbox 814 1558 934 1605; x_wconf 89' lang='lat' dir='ltr'><strong>esset,</strong></span> <span class='ocrx_word' id='word_1_161' title='bbox 961 1556 1114 1595; x_wconf 87' lang='lat' dir='ltr'><strong>iterum</strong></span> <span class='ocrx_word' id='word_1_162' title='bbox 1134 1556 1390 1606; x_wconf 85' lang='lat' dir='ltr'><strong>publicanda</strong></span> <span class='ocrx_word' id='word_1_163' title='bbox 1417 1571 1506 1598; x_wconf 89' lang='lat' dir='ltr'><strong>esse</strong></span> <span class='ocrx_word' id='word_1_164' title='bbox 1534 1559 1710 1608; x_wconf 90' lang='lat' dir='ltr'><strong>censuit,</strong></span> 
     </span>
     <span class='ocr_line' id='line_1_20' title="bbox 168 1633 1708 1685; baseline 0.002 -12"><span class='ocrx_word' id='word_1_165' title='bbox 168 1648 336 1674; x_wconf 90' lang='lat' dir='ltr'><strong>rursum</strong></span> <span class='ocrx_word' id='word_1_166' title='bbox 364 1634 663 1685; x_wconf 89' lang='lat' dir='ltr'><strong>inquirendum</strong></span> <span class='ocrx_word' id='word_1_167' title='bbox 691 1637 764 1683; x_wconf 86' lang='lat' dir='ltr'><strong>est,</strong></span> <span class='ocrx_word' id='word_1_168' title='bbox 791 1633 835 1672; x_wconf 90' lang='lat' dir='ltr'><strong>id</strong></span> <span class='ocrx_word' id='word_1_169' title='bbox 865 1633 978 1684; x_wconf 89' lang='lat' dir='ltr'><strong>quod</strong></span> <span class='ocrx_word' id='word_1_170' title='bbox 998 1646 1126 1684; x_wconf 85' lang='lat' dir='ltr'><strong>supra</strong></span> <span class='ocrx_word' id='word_1_171' title='bbox 1153 1633 1252 1683; x_wconf 83' lang='lat' dir='ltr'><strong>dixi,</strong></span> <span class='ocrx_word' id='word_1_172' title='bbox 1281 1646 1407 1685; x_wconf 86' lang='lat' dir='ltr'><strong>quam</strong></span> <span class='ocrx_word' id='word_1_173' title='bbox 1436 1636 1490 1675; x_wconf 91' lang='lat' dir='ltr'><strong>ob</strong></span> <span class='ocrx_word' id='word_1_174' title='bbox 1519 1649 1608 1675; x_wconf 90' lang='lat' dir='ltr'><strong>rem</strong></span> <span class='ocrx_word' id='word_1_175' title='bbox 1634 1637 1708 1677; x_wconf 86' lang='lat' dir='ltr'><strong>tri-</strong></span> 
     </span>
     <span class='ocr_line' id='line_1_21' title="bbox 169 1711 1711 1765; baseline 0.002 -14"><span class='ocrx_word' id='word_1_176' title='bbox 169 1713 288 1765; x_wconf 85' lang='lat' dir='ltr'><strong>ginta</strong></span> <span class='ocrx_word' id='word_1_177' title='bbox 315 1712 407 1763; x_wconf 88' lang='lat' dir='ltr'><strong>viri,</strong></span> <span class='ocrx_word' id='word_1_178' title='bbox 444 1724 698 1763; x_wconf 88' lang='lat' dir='ltr'><strong>quamquam</strong></span> <span class='ocrx_word' id='word_1_179' title='bbox 731 1711 936 1752; x_wconf 88' lang='lat' dir='ltr'><strong>Eucrates</strong></span> <span class='ocrx_word' id='word_1_180' title='bbox 975 1711 1235 1762; x_wconf 85' lang='lat' dir='ltr'><strong>peccavisset</strong></span> <span class='ocrx_word' id='word_1_181' title='bbox 1271 1711 1315 1750; x_wconf 92' lang='lat' dir='ltr'><strong>in</strong></span> <span class='ocrx_word' id='word_1_182' title='bbox 1355 1713 1571 1764; x_wconf 90' lang='lat' dir='ltr'><strong>populum,</strong></span> <span class='ocrx_word' id='word_1_183' title='bbox 1592 1738 1600 1754; x_wconf 52' lang='lat' dir='ltr'><strong>i</strong></span> <span class='ocrx_word' id='word_1_184' title='bbox 1612 1719 1711 1764; x_wconf 90' lang='lat' dir='ltr'><strong>post</strong></span> 
     </span>
     <span class='ocr_line' id='line_1_22' title="bbox 166 1789 1707 1843; baseline 0.001 -14"><span class='ocrx_word' id='word_1_185' title='bbox 166 1793 345 1830; x_wconf 89' lang='lat' dir='ltr'><strong>mortem</strong></span> <span class='ocrx_word' id='word_1_186' title='bbox 373 1791 485 1830; x_wconf 88' lang='lat' dir='ltr'><strong>bona</strong></span> <span class='ocrx_word' id='word_1_187' title='bbox 511 1789 855 1843; x_wconf 66' lang='lat' dir='ltr'><strong>publioarintw).</strong></span> <span class='ocrx_word' id='word_1_188' title='bbox 910 1790 975 1828; x_wconf 90' lang='lat' dir='ltr'><strong>sin</strong></span> <span class='ocrx_word' id='word_1_189' title='bbox 1000 1789 1107 1828; x_wconf 91' lang='lat' dir='ltr'><strong>nihil</strong></span> <span class='ocrx_word' id='word_1_190' title='bbox 1142 1789 1257 1829; x_wconf 86' lang='lat' dir='ltr'><strong>aliud</strong></span> <span class='ocrx_word' id='word_1_191' title='bbox 1284 1790 1327 1830; x_wconf 92' lang='lat' dir='ltr'><strong>in</strong></span> <span class='ocrx_word' id='word_1_192' title='bbox 1354 1790 1490 1830; x_wconf 89' lang='lat' dir='ltr'><strong>lucem</strong></span> <span class='ocrx_word' id='word_1_193' title='bbox 1518 1791 1707 1842; x_wconf 89' lang='lat' dir='ltr'><strong>proferre</strong></span> 
     </span>
     <span class='ocr_line' id='line_1_23' title="bbox 168 1867 1708 1919; baseline 0.001 -13"><span class='ocrx_word' id='word_1_194' title='bbox 168 1868 370 1918; x_wconf 88' lang='lat' dir='ltr'><strong>quivisset</strong></span> <span class='ocrx_word' id='word_1_195' title='bbox 399 1870 619 1907; x_wconf 85' lang='lat' dir='ltr'><strong>accusator</strong></span> <span class='ocrx_word' id='word_1_196' title='bbox 638 1867 692 1906; x_wconf 90' lang='lat' dir='ltr'><strong>ad</strong></span> <span class='ocrx_word' id='word_1_197' title='bbox 718 1868 855 1919; x_wconf 88' lang='lat' dir='ltr'><strong>legem</strong></span> <span class='ocrx_word' id='word_1_198' title='bbox 875 1867 1132 1906; x_wconf 87' lang='lat' dir='ltr'><strong>suadendam</strong></span> <span class='ocrx_word' id='word_1_199' title='bbox 1158 1868 1240 1907; x_wconf 89' lang='lat' dir='ltr'><strong>nisi</strong></span> <span class='ocrx_word' id='word_1_200' title='bbox 1259 1869 1437 1919; x_wconf 87' lang='lat' dir='ltr'><strong>triginta</strong></span> <span class='ocrx_word' id='word_1_201' title='bbox 1463 1868 1576 1907; x_wconf 88' lang='lat' dir='ltr'><strong>viros</strong></span> <span class='ocrx_word' id='word_1_202' title='bbox 1596 1868 1708 1907; x_wconf 90' lang='lat' dir='ltr'><strong>bona</strong></span> 
     </span>
     <span class='ocr_line' id='line_1_24' title="bbox 165 1943 1707 1997; baseline 0.002 -15"><span class='ocrx_word' id='word_1_203' title='bbox 165 1943 416 1994; x_wconf 87' lang='lat' dir='ltr'><strong>publicasse,</strong></span> <span class='ocrx_word' id='word_1_204' title='bbox 453 1943 597 1995; x_wconf 89' lang='lat' dir='ltr'><strong>paullo</strong></span> <span class='ocrx_word' id='word_1_205' title='bbox 633 1947 731 1996; x_wconf 89' lang='lat' dir='ltr'><strong>post</strong></span> <span class='ocrx_word' id='word_1_206' title='bbox 757 1948 957 1997; x_wconf 83' lang='lat' dir='ltr'><strong>tyrannos</strong></span> <span class='ocrx_word' id='word_1_207' title='bbox 994 1943 1150 1984; x_wconf 88' lang='lat' dir='ltr'><strong>eiectos</strong></span> <span class='ocrx_word' id='word_1_208' title='bbox 1187 1944 1224 1985; x_wconf 88' lang='lat' dir='ltr'><strong>ei</strong></span> <span class='ocrx_word' id='word_1_209' title='bbox 1252 1944 1413 1996; x_wconf 85' lang='lat' dir='ltr'><strong>aliquid</strong></span> <span class='ocrx_word' id='word_1_210' title='bbox 1440 1945 1611 1986; x_wconf 87' lang='lat' dir='ltr'><strong>humani</strong></span> <span class='ocrx_word' id='word_1_211' title='bbox 1640 1958 1707 1985; x_wconf 89' lang='lat' dir='ltr'><strong>ac-</strong></span> 
     </span>
     <span class='ocr_line' id='line_1_25' title="bbox 167 2021 1709 2073; baseline 0.002 -13"><span class='ocrx_word' id='word_1_212' title='bbox 167 2021 307 2061; x_wconf 87' lang='lat' dir='ltr'><strong>cidere</strong></span> <span class='ocrx_word' id='word_1_213' title='bbox 334 2022 555 2073; x_wconf 89' lang='lat' dir='ltr'><strong>potuisset.</strong></span> <span class='ocrx_word' id='word_1_214' title='bbox 601 2023 878 2063; x_wconf 87' lang='lat' dir='ltr'><strong>Athenienses</strong></span> <span class='ocrx_word' id='word_1_215' title='bbox 906 2022 1016 2061; x_wconf 86' lang='lat' dir='ltr'><strong>enim</strong></span> <span class='ocrx_word' id='word_1_216' title='bbox 1035 2022 1149 2061; x_wconf 88' lang='lat' dir='ltr'><strong>mille</strong></span> <span class='ocrx_word' id='word_1_217' title='bbox 1170 2022 1380 2062; x_wconf 86' lang='lat' dir='ltr'><strong>drachmis</strong></span> <span class='ocrx_word' id='word_1_218' title='bbox 1408 2036 1503 2062; x_wconf 89' lang='lat' dir='ltr'><strong>eum</strong></span> <span class='ocrx_word' id='word_1_219' title='bbox 1529 2024 1709 2063; x_wconf 86' lang='lat' dir='ltr'><strong>multare</strong></span> 
     </span>
     <span class='ocr_line' id='line_1_26' title="bbox 164 2101 826 2155; baseline 0.003 -15"><span class='ocrx_word' id='word_1_220' title='bbox 164 2113 251 2140; x_wconf 85' lang='lat' dir='ltr'><strong>non</strong></span> <span class='ocrx_word' id='word_1_221' title='bbox 280 2101 380 2141; x_wconf 87' lang='lat' dir='ltr'><strong>satis</strong></span> <span class='ocrx_word' id='word_1_222' title='bbox 410 2101 607 2143; x_wconf 87' lang='lat' dir='ltr'><strong>habuisse</strong></span> <span class='ocrx_word' id='word_1_223' title='bbox 634 2102 826 2155; x_wconf 68' lang='lat' dir='ltr'><strong>puto-¹⁸⁰).</strong></span> 
     </span>
    </p>
   </div>
   <div class='ocr_carea' id='block_1_3' title="bbox 169 2218 1710 2429">
    <p class='ocr_par' dir='ltr' id='par_1_3' title="bbox 169 2218 1710 2429">
     <span class='ocr_line' id='line_1_27' title="bbox 272 2218 1710 2273; baseline -0.001 -14"><span class='ocrx_word' id='word_1_224' title='bbox 272 2219 363 2260; x_wconf 91' lang='lat' dir='ltr'><strong>Hoc</strong></span> <span class='ocrx_word' id='word_1_225' title='bbox 385 2221 517 2273; x_wconf 86' lang='lat' dir='ltr'><strong>igitur</strong></span> <span class='ocrx_word' id='word_1_226' title='bbox 535 2219 927 2271; x_wconf 87' lang='lat' dir='ltr'><strong>reprehendendum</strong></span> <span class='ocrx_word' id='word_1_227' title='bbox 948 2219 1113 2259; x_wconf 87' lang='lat' dir='ltr'><strong>videtur</strong></span> <span class='ocrx_word' id='word_1_228' title='bbox 1134 2219 1249 2270; x_wconf 90' lang='lat' dir='ltr'><strong>quod</strong></span> <span class='ocrx_word' id='word_1_229' title='bbox 1264 2218 1549 2259; x_wconf 87' lang='lat' dir='ltr'><strong>Franckenius</strong></span> <span class='ocrx_word' id='word_1_230' title='bbox 1570 2219 1710 2268; x_wconf 85' lang='lat' dir='ltr'><strong>verba,</strong></span> 
     </span>
     <span class='ocr_line' id='line_1_28' title="bbox 169 2297 1710 2351; baseline 0 -14"><span class='ocrx_word' id='word_1_231' title='bbox 169 2298 321 2348; x_wconf 90' lang='lat' dir='ltr'><strong>quibus</strong></span> <span class='ocrx_word' id='word_1_232' title='bbox 350 2312 448 2338; x_wconf 90' lang='lat' dir='ltr'><strong>usus</strong></span> <span class='ocrx_word' id='word_1_233' title='bbox 479 2302 543 2339; x_wconf 89' lang='lat' dir='ltr'><strong>est</strong></span> <span class='ocrx_word' id='word_1_234' title='bbox 570 2297 636 2350; x_wconf 87' lang='grc' dir='ltr'><strong>(τὰ</strong></span> <span class='ocrx_word' id='word_1_235' title='bbox 662 2297 972 2351; x_wconf 61' lang='grc' dir='ltr'>παρεληλυὲῑὸτα)</span> <span class='ocrx_word' id='word_1_236' title='bbox 1001 2301 1156 2347; x_wconf 87' lang='lat' dir='ltr'><strong>orator,</strong></span> <span class='ocrx_word' id='word_1_237' title='bbox 1183 2310 1319 2348; x_wconf 89' lang='lat' dir='ltr'><strong>neque</strong></span> <span class='ocrx_word' id='word_1_238' title='bbox 1354 2298 1540 2349; x_wconf 83' lang='lat' dir='ltr'><strong>respexit</strong></span> <span class='ocrx_word' id='word_1_239' title='bbox 1576 2311 1710 2349; x_wconf 88' lang='lat' dir='ltr'><strong>neque</strong></span> 
     </span>
     <span class='ocr_line' id='line_1_29' title="bbox 176 2376 1447 2429; baseline 0.001 -14"><span class='ocrx_word' id='word_1_240' title='bbox 176 2389 226 2415; x_wconf 86' lang='lat' dir='ltr'><strong>ex</strong></span> <span class='ocrx_word' id='word_1_241' title='bbox 255 2376 318 2417; x_wconf 89' lang='lat' dir='ltr'><strong>his</strong></span> <span class='ocrx_word' id='word_1_242' title='bbox 346 2377 532 2429; x_wconf 87' lang='lat' dir='ltr'><strong>peccatis</strong></span> <span class='ocrx_word' id='word_1_243' title='bbox 561 2377 871 2417; x_wconf 85' lang='lat' dir='ltr'><strong>accusationem</strong></span> <span class='ocrx_word' id='word_1_244' title='bbox 899 2379 1109 2428; x_wconf 89' lang='lat' dir='ltr'><strong>sumptam</strong></span> <span class='ocrx_word' id='word_1_245' title='bbox 1138 2389 1227 2417; x_wconf 88' lang='lat' dir='ltr'><strong>esse</strong></span> <span class='ocrx_word' id='word_1_246' title='bbox 1256 2376 1447 2417; x_wconf 86' lang='lat' dir='ltr'><strong>credidit.</strong></span> 
     </span>
    </p>
   </div>
   <div class='ocr_carea' id='block_1_4' title="bbox 168 2493 1709 2626">
    <p class='ocr_par' dir='ltr' id='par_1_4' title="bbox 168 2493 1709 2626">
     <span class='ocr_line' id='line_1_30' title="bbox 271 2493 1709 2547; baseline 0 -14"><span class='ocrx_word' id='word_1_247' title='bbox 271 2493 429 2535; x_wconf 88' lang='lat' dir='ltr'><strong>Facere</strong></span> <span class='ocrx_word' id='word_1_248' title='bbox 465 2506 552 2536; x_wconf 93' lang='lat' dir='ltr'><strong>non</strong></span> <span class='ocrx_word' id='word_1_249' title='bbox 587 2508 759 2547; x_wconf 90' lang='lat' dir='ltr'><strong>possum</strong></span> <span class='ocrx_word' id='word_1_250' title='bbox 795 2494 897 2547; x_wconf 90' lang='lat' dir='ltr'><strong>quin</strong></span> <span class='ocrx_word' id='word_1_251' title='bbox 935 2507 1060 2546; x_wconf 89' lang='lat' dir='ltr'><strong>quam</strong></span> <span class='ocrx_word' id='word_1_252' title='bbox 1096 2494 1269 2534; x_wconf 84' lang='lat' dir='ltr'><strong>alteram</strong></span> <span class='ocrx_word' id='word_1_253' title='bbox 1298 2507 1387 2535; x_wconf 87' lang='lat' dir='ltr'><strong>rem</strong></span> <span class='ocrx_word' id='word_1_254' title='bbox 1421 2493 1606 2534; x_wconf 87' lang='lat' dir='ltr'><strong>Blassius</strong></span> <span class='ocrx_word' id='word_1_255' title='bbox 1635 2507 1709 2545; x_wconf 91' lang='lat' dir='ltr'><strong>po-</strong></span> 
     </span>
     <span class='ocr_line' id='line_1_31' title="bbox 168 2572 1709 2626; baseline -0.001 -14"><span class='ocrx_word' id='word_1_256' title='bbox 168 2573 328 2626; x_wconf 77' lang='lat' dir='ltr'><strong>suit³¹)</strong></span> <span class='ocrx_word' id='word_1_257' title='bbox 357 2574 456 2614; x_wconf 89' lang='lat' dir='ltr'><strong>item</strong></span> <span class='ocrx_word' id='word_1_258' title='bbox 484 2573 684 2624; x_wconf 81' lang='lat' dir='ltr'><strong>refutem3</strong></span> <span class='ocrx_word' id='word_1_259' title='bbox 711 2586 849 2624; x_wconf 90' lang='lat' dir='ltr'><strong>neque</strong></span> <span class='ocrx_word' id='word_1_260' title='bbox 876 2573 987 2612; x_wconf 88' lang='lat' dir='ltr'><strong>enim</strong></span> <span class='ocrx_word' id='word_1_261' title='bbox 1015 2572 1162 2622; x_wconf 89' lang='lat' dir='ltr'><strong>scelus,</strong></span> <span class='ocrx_word' id='word_1_262' title='bbox 1192 2572 1306 2624; x_wconf 88' lang='lat' dir='ltr'><strong>quod</strong></span> <span class='ocrx_word' id='word_1_263' title='bbox 1342 2572 1513 2611; x_wconf 85' lang='lat' dir='ltr'><strong>finxisse</strong></span> <span class='ocrx_word' id='word_1_264' title='bbox 1541 2584 1709 2611; x_wconf 89' lang='lat' dir='ltr'><strong>accusa-</strong></span> 
     </span>
    </p>
   </div>
   <div class='ocr_carea' id='block_1_5' title="bbox 167 2640 1710 2703">
    <p class='ocr_par' dir='ltr' id='par_1_5' title="bbox 167 2640 1710 2703">
     <span class='ocr_line' id='line_1_32' title="bbox 167 2640 1710 2703; baseline -0.001 -13"><span class='ocrx_word' id='word_1_265' title='bbox 167 2653 280 2691; x_wconf 86' lang='lat' dir='ltr'><strong>tores</strong></span> <span class='ocrx_word' id='word_1_266' title='bbox 316 2652 408 2691; x_wconf 90' lang='lat' dir='ltr'><strong>viro</strong></span> <span class='ocrx_word' id='word_1_267' title='bbox 437 2651 563 2692; x_wconf 90' lang='lat' dir='ltr'><strong>docto</strong></span> <span class='ocrx_word' id='word_1_268' title='bbox 599 2640 809 2703; x_wconf 86' lang='lat' dir='ltr'><strong>videntur,</strong></span> <span class='ocrx_word' id='word_1_269' title='bbox 835 2655 978 2703; x_wconf 90' lang='lat' dir='ltr'><strong>potest</strong></span> <span class='ocrx_word' id='word_1_270' title='bbox 1012 2651 1216 2703; x_wconf 85' lang='lat' dir='ltr'><strong>appellari</strong></span> <span class='ocrx_word' id='word_1_271' title='bbox 1244 2649 1292 2692; x_wconf 82' lang='grc' dir='ltr'><strong>τὰ</strong></span> <span class='ocrx_word' id='word_1_272' title='bbox 1320 2650 1626 2702; x_wconf 65' lang='grc' dir='ltr'>παρεληλυξτότα,</span> <span class='ocrx_word' id='word_1_273' title='bbox 1659 2650 1710 2689; x_wconf 88' lang='lat' dir='ltr'><strong>de</strong></span> 
     </span>
    </p>
   </div>
   <div class='ocr_carea' id='block_1_6' title="bbox 271 2759 473 2765">
    <p class='ocr_par' dir='ltr' id='par_1_6' title="bbox 271 2759 473 2765">
     <span class='ocr_line' id='line_1_33' title="bbox 271 2759 473 2765; baseline 0 0"><span class='ocrx_word' id='word_1_274' title='bbox 271 2759 473 2765; x_wconf 95' lang='lat' dir='ltr'><strong> </strong></span> 
     </span>
    </p>
   </div>
   <div class='ocr_carea' id='block_1_7' title="bbox 145 2806 1711 2961">
    <p class='ocr_par' dir='ltr' id='par_1_7' title="bbox 145 2806 1711 2961">
     <span class='ocr_line' id='line_1_34' title="bbox 145 2806 1711 2860; baseline -0.002 -13"><span class='ocrx_word' id='word_1_275' title='bbox 145 2851 147 2853; x_wconf 59' lang='grc'><strong>,</strong></span> <span class='ocrx_word' id='word_1_276' title='bbox 274 2809 334 2860; x_wconf 78' lang='grc'><strong>28)</strong></span> <span class='ocrx_word' id='word_1_277' title='bbox 366 2807 534 2847; x_wconf 88' lang='lat' dir='ltr'><strong>Curtius</strong></span> <span class='ocrx_word' id='word_1_278' title='bbox 572 2808 596 2846; x_wconf 92' lang='lat' dir='ltr'><strong>l.</strong></span> <span class='ocrx_word' id='word_1_279' title='bbox 626 2820 659 2847; x_wconf 88' lang='lat' dir='ltr'><strong>c.</strong></span> <span class='ocrx_word' id='word_1_280' title='bbox 689 2808 760 2857; x_wconf 89' lang='lat'><strong>111,</strong></span> <span class='ocrx_word' id='word_1_281' title='bbox 795 2821 834 2859; x_wconf 93' lang='lat' dir='ltr'><strong>p.</strong></span> <span class='ocrx_word' id='word_1_282' title='bbox 863 2810 927 2849; x_wconf 80' lang='lat'><strong>45.</strong></span> <span class='ocrx_word' id='word_1_283' title='bbox 988 2807 1049 2851; x_wconf 67' lang='lat'><strong>²⁹)</strong></span> <span class='ocrx_word' id='word_1_284' title='bbox 1084 2807 1191 2846; x_wconf 85' lang='lat' dir='ltr'><strong>hanc</strong></span> <span class='ocrx_word' id='word_1_285' title='bbox 1227 2807 1474 2845; x_wconf 84' lang='lat' dir='ltr'><strong>sententiam</strong></span> <span class='ocrx_word' id='word_1_286' title='bbox 1504 2806 1711 2857; x_wconf 84' lang='lat' dir='ltr'><strong>praebent</strong></span> 
     </span>
     <span class='ocr_line' id='line_1_35' title="bbox 168 2856 1711 2961; baseline 0.001 -62"><span class='ocrx_word' id='word_1_287' title='bbox 168 2856 218 2961; x_wconf 58' lang='grc' dir='ltr'><strong>ἓξ</strong></span> <span class='ocrx_word' id='word_1_288' title='bbox 238 2860 324 2953; x_wconf 55' lang='grc' dir='ltr'><strong>ἐ284</strong></span> <span class='ocrx_word' id='word_1_289' title='bbox 347 2861 408 2953; x_wconf 60' lang='lat'><strong>113⁷</strong></span> <span class='ocrx_word' id='word_1_290' title='bbox 441 2860 490 2913; x_wconf 54' lang='grc' dir='ltr'><strong>ἐξ</strong></span> <span class='ocrx_word' id='word_1_291' title='bbox 525 2861 562 2910; x_wconf 89' lang='grc'><strong>4,</strong></span> <span class='ocrx_word' id='word_1_292' title='bbox 600 2862 623 2901; x_wconf 80' lang='grc'>5</span> <span class='ocrx_word' id='word_1_293' title='bbox 659 2861 875 2913; x_wconf 81' lang='lat' dir='ltr'><strong>neglectis.</strong></span> <span class='ocrx_word' id='word_1_294' title='bbox 933 2863 996 2909; x_wconf 82' lang='lat'><strong>³⁰)</strong></span> <span class='ocrx_word' id='word_1_295' title='bbox 1025 2859 1156 2899; x_wconf 87' lang='lat' dir='ltr'><strong>Blass.</strong></span> <span class='ocrx_word' id='word_1_296' title='bbox 1192 2859 1216 2899; x_wconf 93' lang='lat' dir='ltr'><strong>l.</strong></span> <span class='ocrx_word' id='word_1_297' title='bbox 1246 2872 1279 2898; x_wconf 88' lang='lat' dir='ltr'><strong>c.</strong></span> <span class='ocrx_word' id='word_1_298' title='bbox 1310 2871 1349 2910; x_wconf 91' lang='lat' dir='ltr'><strong>p.</strong></span> <span class='ocrx_word' id='word_1_299' title='bbox 1378 2860 1466 2899; x_wconf 82' lang='lat'>524.</span> <span class='ocrx_word' id='word_1_300' title='bbox 1524 2860 1585 2910; x_wconf 71' lang='grc' dir='ltr'><strong>ΞΗ)</strong></span> <span class='ocrx_word' id='word_1_301' title='bbox 1613 2859 1639 2898; x_wconf 92' lang='lat' dir='ltr'><strong>l.</strong></span> <span class='ocrx_word' id='word_1_302' title='bbox 1676 2871 1711 2900; x_wconf 83' lang='lat' dir='ltr'><strong>e.</strong></span> 
     </span>
    </p>
   </div>
  </div>
 </body>
</html>
