1895 3322
945 177 1003 226 16

196 303 420 346 hendenda
447 303 629 354 videtur,
658 303 771 356 quod
799 303 844 343 in
872 303 1018 344 eadem
1046 305 1253 345 sententia
1288 308 1431 346 orator
1458 305 1618 346 iudices
1648 307 1747 347 allo·
1804 359 1807 361 ,

201 387 324 423 cutus
351 385 417 426 est
444 380 655 422 secundae
695 394 900 432 personae
935 382 1072 422 forma
1100 396 1212 433 usus,
1248 383 1399 423 deinde
1427 384 1577 424 tertiae
1605 397 1747 435 perso·

198 474 278 502 1133
306 463 354 501 ut
380 459 542 501 diceret
568 462 784 511 'AS-maozim.

303 564 424 615 Quod
452 564 488 605 si
513 567 691 615 tempus,
721 575 804 615 quo
832 565 926 603 acta
946 566 1010 604 est
1028 564 1145 616 prior
1171 577 1307 615 causa,
1327 568 1443 606 recte
1471 565 1748 617 constitutum

1473 612 1575 619 ,.--—-

200 646 275 693 est,
294 655 380 682 non
398 645 577 694 possunt
595 641 770 693 probari
791 654 898 693 quae
917 642 1142 682 scribenda
1160 646 1473 694 proposuerunt
1500 643 1700 697 Meierus¹
1714 645 1749 695 ³)

198 719 486 760 Franckenius
502 720 560 772 14)
576 718 761 759 Blassius
778 720 849 772 ¹⁵).
878 732 900 759 e
922 718 1074 771 quibus
1089 719 1270 760 Meierus
1291 721 1521 774 παρανόμων
1542 721 1751 773 φεύγοντος

198 800 266 840 τοῦ
295 794 413 840 αὑτοῦ
441 794 579 849 ἀνδρός
605 797 650 837 in
677 796 909 849 παρανόμων
944 796 1151 845 διώκοντος
1178 801 1245 840 καὶ
1280 798 1489 851 φεύγοντος
1525 802 1593 840 τοῦ
1633 796 1750 840 αὐτοῦ

199 875 337 928 ἀνδρός
379 876 583 917 mutanda
622 888 713 916 esse
753 876 928 916 censuit.
994 876 1068 930 sed
1119 889 1343 928 quamqam
1393 877 1497 917 haec
1518 876 1750 917 ,scribendi

198 954 308 994 ratio
357 956 457 1005 apta
506 956 570 993 est
616 953 735 994 verbi
776 952 936 993 formae
978 953 1194 1005 ἐζημίωσε,
1238 958 1378 994 tamen
1419 955 1462 993 in
1511 954 1619 993 hanc
1660 967 1750 993 sen-

202 1030 380 1070 tentiam
408 1028 745 1069 transferendum
774 1032 837 1068 est
871 1029 982 1069 idem
1021 1030 1136 1080 quod
1172 1043 1299 1080 supra
1334 1030 1385 1069 de
1423 1031 1617 1080 ἐζημίωσε
1652 1030 1752 1067 dixi.

198 1106 497 1156 Franckenius,
527 1108 600 1158 qui
619 1107 725 1146 illud
746 1106 1043 1147 Scheibianum
1071 1106 1313 1158 ἐζημιώσατε
1338 1107 1549 1157 probavit,
1577 1106 1751 1157 scripsit

196 1184 428 1238 παρανόμων
465 1182 655 1236 φυγόντος
689 1182 780 1224 τότε
814 1185 881 1225 τοῦ
919 1182 1055 1235 ἀνδρὸς
1090 1184 1183 1234 (νυνὶ
1219 1183 1264 1224 δὲ
1300 1182 1541 1235 νικήσαντος)
1570 1181 1750 1224 τάναντία

200 1265 333 1316 σφίσιν
362 1260 493 1309 αὐτοῖς
522 1262 788 1313 ἐῴηφίσαντο;
816 1262 1001 1302 Blassius
1030 1265 1098 1304 τοῦ
1119 1259 1237 1303 αὐτοῦ
1267 1258 1405 1312 ἀνδρὸς
1430 1261 1519 1303 τότε
1540 1263 1608 1313 μὲν
1628 1278 1749 1314 παρα-

200 1341 339 1399 νόμων,
356 1338 553 1392 ὀφλόντος,
581 1341 645 1381 νῦν
674 1338 718 1380 δὲ
737 1338 965 1390 νικήσαντος
992 1336 1074 1380 κτὲ.
1097 1362 1146 1369 -
1166 1338 1268 1379 haec
1297 1339 1437 1378 omnia
1464 1352 1548 1379 non
1576 1343 1752 1390 possunt

199 1418 375 1471 probari
404 1418 441 1458 si
468 1418 520 1458 de
547 1417 612 1457 his
640 1416 767 1458 rebus
796 1428 925 1467 supra
951 1419 1067 1455 reete
1096 1416 1282 1466 exposui.

929 1520 1018 1572 §a

300 1600 368 1640 Ex
396 1599 461 1639 his
489 1599 622 1652 igitur
649 1600 840 1649 apparet,
877 1598 930 1638 ab
958 1598 1041 1637 illis
1079 1593 1179 1638 viris
1215 1600 1349 1639 doctis
1385 1599 1508 1639 huius
1546 1600 1747 1639 orationis

198 1680 493 1731 argumentum
522 1676 852 1728 haudquaquam
880 1675 1144 1716 enucleatum
1175 1688 1275 1716 esse.
1330 1679 1457 1728 atque
1484 1676 1564 1715 hoc
1592 1677 1749 1716 sactum

198 1768 288 1795 esse
317 1754 513 1806 equidem
541 1754 694 1805 opinor
720 1765 783 1802 eo,
812 1753 926 1803 quod
954 1753 1015 1792 illi
1043 1754 1301 1805 principium
1338 1754 1583 1804 disputandi
1620 1754 1747 1794 duxe—

199 1835 300 1873 runt
328 1833 381 1872 ab
406 1832 457 1871 iis
487 1831 639 1881 verbis,
669 1843 776 1882 quae
804 1830 941 1881 prima
969 1834 1067 1870 sunt
1093 1831 1116 1883 §
1146 1833 1205 1870 14.
1262 1844 1344 1882 qua
1379 1844 1423 1870 re
1452 1831 1542 1871 fieri
1570 1844 1653 1870 non
1681 1845 1753 1883 po-

199 1914 311 1950 terat
339 1910 441 1961 quin
469 1909 609 1949 verbis
644 1907 879 1959 παρανόμων
906 1908 1113 1960 φεύγοντος
1147 1912 1215 1950 τοῦ
1246 1906 1363 1950 αὐτοῦ
1397 1906 1533 1960 ἀνδρός
1570 1907 1749 1949 offende-

197 1990 357 2028 rentur.
416 1999 529 2026 nunc
571 1988 710 2025 autem
751 1985 1006 2037 principium
1057 1986 1296 2037 exponendi
1346 1986 1547 2025 ducamus
1601 1986 1652 2025 ab
1687 1986 1750 2024 his

158 2069 166 2075 “
202 2065 357 2114 verbis,
393 2068 435 2104 et
462 2068 510 2104 ut
543 2064 604 2103 ita
631 2064 843 2114 disputem
876 2065 1071 2114 impellor
1105 2065 1242 2112 titulo,
1285 2077 1409 2114 quem
1445 2077 1534 2102 esse
1570 2063 1751 2102 orationi

197 2142 296 2182 huic
325 2141 527 2193 Lysiacae
564 2140 744 2181 Galenus
779 2142 1006 2182 memoriae
1039 2141 1230 2193 prodidit
1265 2139 1365 2182 κατὰ
1394 2139 1616 2193 ]Ιολιο’χου;
1644 2153 1749 2191 quae

198 2217 421 2269 inscriptio
458 2229 544 2256 non
576 2229 815 2269 repugnare
852 2218 1020 2257 videtur
1054 2219 1137 2257 illis
1172 2219 1312 2257 verbis
1342 2218 1393 2256 de
1423 2218 1575 2268 quibus
1605 2218 1747 2267 dispu-

199 2300 366 2337 taturus
396 2309 500 2337 sum.
558 2309 608 2335 ex
635 2296 709 2335 1113
739 2297 849 2335 3111111
877 2297 1085 2336 sententia
1121 2296 1312 2347 sequitur
1340 2298 1387 2334 ut
1420 2294 1643 2334 Poliochus
1673 2311 1746 2335 πα-

199 2374 374 2428 ρανόμων
402 2377 625 2414 accusatus
654 2373 709 2413 sit
736 2386 821 2413 non
848 2373 974 2413 modo
1004 2373 1082 2413 hac
1111 2373 1313 2423 oratione,
1348 2372 1422 2413 sed
1451 2373 1576 2412 etiam
1604 2372 1746 2424 priore

197 2453 356 2493 iudicio
385 2452 622 2492 commisso.
669 2454 711 2490 et
730 2451 810 2491 hoc
831 2452 1002 2503 quidem
1023 2465 1118 2491 cum
1138 2452 1277 2491 verbis
1307 2464 1414 2501 quae
1442 2454 1540 2490 sunt
1569 2447 1631 2492 ὅτι
1656 2450 1746 2491 τότε

191 2531 261 2583 μὲν
289 2531 431 2584 χιλίαις
458 2533 652 2582 δραχμαῖς
680 2530 874 2581 ἐζημίωσε
901 2529 964 2571 τὸν
993 2529 1221 2584 βουλόμενον
1257 2529 1326 2581 τὴν
1353 2527 1546 2581 ἡμετέραν
1575 2531 1645 2580 γῆν
1673 2532 1743 2580 δη-

193 2609 334 2660 μοσίαν
369 2609 534 2660 ποιῆσαι
573 2607 633 2646 ita
673 2607 874 2658 coniungi
913 2611 1054 2658 potest
1094 2610 1142 2646 ut
1183 2607 1456 2654 arbitremur,
1497 2605 1742 2645 Poliochum

194 2686 334 2738 legem
368 2685 516 2725 tulisse
553 2698 606 2724 ne
643 2684 756 2724 bona
782 2684 966 2726 filiorum
1000 2685 1197 2726 Eucratis
1231 2685 1562 2737 publicarentur.
1617 2697 1741 2736 quam

191 2763 328 2816 legem
357 2774 443 2803 non
469 2761 598 2802 licere
625 2774 702 2812 per
729 2761 842 2815 leges
873 2762 1075 2813 quasdam
1113 2762 1281 2803 suaderi
1311 2776 1440 2814 quum
1467 2761 1608 2801 nescio
1646 2762 1738 2812 quis

191 2841 379 2890 dixisset,
405 2841 487 2880 hoc
515 2840 642 2880 modo
674 2840 921 2880 Poliochum
949 2840 1180 2893 παρανόμων
1217 2840 1442 2881 accusavit.
1500 2840 1572 2890 qui
1601 2842 1739 2879 autem

299 2971 358 3022 ¹³)
387 2968 439 3009 de
468 2969 542 3009 lite
569 2970 713 3010 Attica
741 2983 781 3022 p.
811 2971 897 3022 111,
925 2985 963 3010 n.
994 2971 1054 3011 27.
1089 2972 1146 3023 14)
1175 2984 1215 3022 p.
1253 2971 1331 3011 125.
1369 2971 1426 3022 ¹⁵)
1456 2983 1494 3020 p.
1526 2971 1611 3010 524.
1641 2982 1679 3008 n.
1702 2970 1737 3008 2.
