1895 3322
847 139 911 186 44

202 269 289 309 Iam
318 268 466 309 redeat
493 267 630 307 oratio
660 279 753 307 mea
784 266 896 307 unde
924 279 1052 317 supra
1089 267 1320 317 aberravit;
1355 280 1504 307 censeo
1541 266 1650 307 enim

96 347 362 388 Andocidem
392 349 560 387 secutus
591 346 720 386 verba
747 345 899 398 φεύγων
930 343 1053 399 ὤχετο
1083 345 1134 385 de
1164 345 1403 386 voluntario
1432 345 1560 384 exilio
1591 345 1652 383 in-

97 424 340 477 tellegenda
369 436 470 473 esse,
498 423 674 463 verbum
696 422 996 469 ἐκπεπτωκότες
1025 423 1078 461 ad
1106 435 1175 462 eos
1197 423 1409 473 pertinere
1430 423 1502 474 qui
1532 423 1654 462 inviti

98 503 224 543 eiecti
252 505 364 542 sunt.
411 505 453 541 et
480 502 570 541 sine
591 501 721 541 dubio
752 502 793 541 in
815 502 954 541 animo
974 501 1126 541 habuit
1153 501 1295 542 dicere
1316 504 1473 549 orator,
1503 499 1651 540 eodem

98 582 292 631 tempore
322 591 407 630 quo
437 577 675 630 Diognetus
705 592 726 618 e
756 578 895 629 patria
923 577 1034 630 fugit
1061 578 1165 618 alios
1193 579 1351 630 populo
1381 581 1555 618 auctore
1583 591 1653 618 ex-

98 658 246 710 pulsos
292 670 393 697 esse.
447 669 585 708 neque
627 669 727 696 vero
770 656 879 696 ullus
923 656 1107 708 scriptor
1146 656 1227 697 hoc
1272 657 1409 708 spatio
1448 656 1653 708 temporis

98 735 254 775 multos
285 748 368 774 una
400 734 599 785 expulsos
636 746 727 773 esse
764 732 961 783 tradidit,
998 747 1253 787 quamquam
1290 734 1396 774 alius
1435 734 1517 773 alio
1546 738 1651 774 tem-

97 826 204 865 pore
234 812 469 864 cogebatur
496 811 540 850 in
577 811 750 851 exilium
788 812 860 851 ire.
918 825 1001 862 quo
1030 815 1222 862 tempore
1259 812 1391 864 igitur
1418 812 1652 864 Diognetus

98 892 141 930 in
171 890 345 930 exilium
374 889 500 929 iverit
527 893 725 929 accurate
754 888 919 928 definiri
949 902 1033 928 non
1061 892 1214 941 potest.
1269 889 1349 928 hoc
1386 892 1526 929 antem
1555 902 1652 929 con-

98 967 299 1015 cedimus,
327 966 506 1006 fortasse
534 966 676 1005 nescio
714 966 817 1016 quid
848 965 1065 1006 excidisse.
1121 969 1162 1006 et
1198 967 1233 1005 si
1266 967 1348 1006 hoc
1384 967 1652 1017 arbitramur,

98 1047 240 1087 hiatus
268 1046 379 1085 inter
410 1041 533 1098 ᾤχετο
570 1048 612 1085 et
648 1043 748 1096 μετὰ
785 1043 1031 1083 statuendus
1070 1046 1144 1093 est,
1178 1047 1225 1083 ut
1260 1044 1296 1083 si
1323 1045 1496 1085 verbum
1529 1042 1651 1098 ᾤχετο

100 1125 153 1164 ad
183 1124 342 1163 crimen
371 1122 693 1174 profanatorum
720 1121 1015 1172 mysteriorum
1051 1121 1247 1173 pertinet,
1285 1121 1461 1162 forsitan
1490 1122 1651 1163 dictum

99 1205 167 1252 sit,
201 1203 460 1254 Diognetum
490 1204 588 1252 post
627 1200 887 1241 Siciliensem
923 1199 1086 1239 cladem
1122 1199 1317 1248 rediisse3
1361 1200 1474 1250 quod
1511 1204 1649 1241 autem

97 1293 243 1320 rursus
285 1292 378 1319 cum
422 1278 513 1317 aliis
551 1291 729 1329 peccare
770 1278 995 1317 videbatur
1030 1278 1073 1316 in
1102 1278 1320 1328 populum,
1350 1290 1493 1317 omnes
1532 1279 1651 1329 quasi

100 1359 243 1399 hostes
285 1356 449 1409 patriae
491 1357 534 1395 in
574 1355 747 1396 exilium
790 1355 912 1395 eiecti
955 1358 1062 1394 sunt.
1118 1354 1220 1395 haec
1262 1357 1401 1394 tamen
1445 1357 1652 1396 sententia

98 1433 380 1487 improbanda
409 1434 588 1483 videtur,
619 1433 732 1485 quod
763 1436 905 1473 orator
933 1446 1017 1472 non
1047 1433 1098 1472 de
1128 1433 1292 1472 duobus
1331 1434 1465 1473 exiliis
1495 1435 1569 1474 sed
1599 1435 1648 1474 de

100 1528 182 1555 uno
224 1513 500 1564 sequentibus
542 1512 682 1552 verbis
723 1512 922 1563 disputat.
987 1525 1094 1563 quae
1135 1525 1263 1562 quum
1308 1512 1367 1551 ita
1396 1513 1492 1562 sint,
1536 1513 1643 1553 hanc

98 1574 264 1643 partem
305 1590 510 1630 orationis
540 1589 752 1629 nonnullis
783 1590 1010 1629 enuntiatis
1051 1590 1198 1630 deletis
1235 1591 1372 1629 minus
1409 1596 1648 1631 accuratam

96 1668 255 1708 factam
282 1680 367 1706 non
396 1679 486 1706 esse
514 1666 679 1717 opinor.
720 1665 881 1716 idquod
911 1666 1097 1716 apertius
1126 1667 1350 1716 apparebit
1379 1680 1429 1706 ex
1458 1668 1536 1708 his.

200 1824 223 1877 ξ
256 1824 303 1862 10
331 1822 446 1874 quod
474 1826 617 1863 orator
653 1822 775 1872 dixit,
812 1824 878 1863 καὶ
915 1819 1036 1875 ἀρχὴν
1066 1824 1134 1873 μὲν
1165 1819 1347 1874 οὐδεμίαν
1377 1818 1490 1875 ἧρξεν
1526 1826 1563 1865 ἐν
1592 1829 1641 1879 τῇ

98 1901 322 1956 ὀλιγαρχίᾳ,
360 1901 440 1941 hoc
475 1900 689 1953 significat
723 1901 841 1940 illum
879 1898 948 1942 οὐκ
985 1903 1106 1941 αἴτιον
1146 1904 1377 1954 γεγενῆσὲαι
1420 1905 1476 1955 τῷ
1509 1903 1650 1955 πλῆἓῑει

100 1980 257 2031 οὐδενὸς
293 1982 429 2022 κακοῦ.
484 1979 727 2031 Diognetus
763 1980 896 2032 igitur
929 1979 1106 2031 triginta
1139 1980 1327 2020 virorum
1360 1982 1537 2033 imperio
1576 1983 1647 2022 flo-

98 2064 219 2101 rente
259 2060 303 2099 in
346 2058 449 2098 urbe
490 2059 647 2098 mansit
676 2081 723 2088 —
754 2062 795 2098 et
836 2071 1032 2109 praesens
1074 2071 1157 2097 non
1199 2063 1263 2099 est
1303 2060 1569 2111 improbatus
1600 2086 1648 2091 -

99 2142 241 2177 tamen
281 2150 377 2176 cum
415 2136 498 2174 illis
535 2135 578 2173 in
615 2135 821 2185 populum
858 2148 941 2174 non
979 2137 1173 2186 peccavit
1208 2150 1256 2175 ac
1291 2138 1433 2187 potius
1461 2122 1649 2188 tyrannis

97 2215 374 2256 irascebatur.
430 2214 575 2264 itaque
610 2213 763 2252 mirum
803 2217 865 2253 est
903 2213 1018 2264 quod
1048 2214 1116 2253 hic
1144 2215 1345 2267 Diogneti
1388 2216 1550 2257 animus
1580 2218 1649 2257 de-

98 2292 255 2332 latores
287 2291 360 2343 qui
387 2290 460 2330 illa
499 2293 636 2330 aetate
671 2289 871 2329 florerent
907 2290 1027 2343 fugit.
1071 2295 1112 2331 et
1140 2296 1188 2331 ut
1216 2304 1267 2330 ex
1296 2289 1475 2345 ἀρχὴν...
1500 2291 1648 2346 ὀλιγαρ-

96 2371 167 2422 χίᾳ
195 2369 407 2419 etiamque
437 2369 664 2408 dilucidius
702 2382 752 2408 ex
781 2372 903 2410 αἴτιον
1006 2373 1128 2410 κακοῦ
1168 2374 1363 2420 appa-ret,
1394 2386 1649 2422 quamquain

97 2440 185 2485 nori
214 2447 306 2485 erat
333 2444 377 2484 in
405 2458 549 2486 eorum
578 2446 735 2487 civium
763 2460 937 2487 numero
974 2448 1046 2498 qui
1075 2447 1153 2487 soli
1181 2448 1443 2499 respublicas
1472 2449 1647 2491 admini-

95 2523 302 2573 strabant,
330 2523 485 2564 mirum
513 2524 557 2564 in
577 2524 749 2565 modum
777 2529 917 2566 tamen
938 2526 1149 2579 Diogneto
1170 2527 1348 2579 triginta
1375 2527 1476 2568 viris
1505 2532 1647 2568 aucto-

97 2602 216 2642 ribus
252 2614 390 2653 neque
430 2602 661 2654 quidquam
702 2604 802 2643 mali
836 2604 993 2644 accidit
1029 2608 1071 2644 et
1107 2619 1362 2657 quamquam
1398 2606 1516 2657 (Xen.
1553 2606 1649 2647 hell.

96 2680 148 2730 11,
175 2681 213 2731 4,
245 2680 280 2732 1)
311 2680 384 2731 qui
415 2680 489 2729 ἔξω
516 2683 584 2722 τοῦ
615 2682 832 2735 καταλόγου
862 2687 1012 2735 essent,
1049 2685 1210 2727 εἰσιέναι
1238 2686 1294 2732 εἰς
1321 2685 1364 2727 τὸ
1401 2683 1499 2728 ἄστυ
1527 2686 1648 2727 vetiti

96 2762 207 2809 sunt,
249 2762 393 2799 tamen
432 2759 598 2813 integer
634 2760 677 2800 in
715 2762 819 2802 urbe
857 2763 1024 2802 mansit.
1084 2762 1237 2803 deinde
1274 2777 1404 2815 quum
1440 2763 1647 2803 Eucrates

97 2840 141 2877 et
181 2837 407 2878 Niceratus
458 2838 689 2890 propinqui
731 2839 769 2892 (ξ
808 2841 843 2892 1)
892 2841 1081 2892 tyrannis
1130 2842 1375 2882 auctoribus
1425 2843 1651 2893 periissent

97 2915 346 2968 Diognetus,
375 2916 566 2967 quamvis
597 2917 855 2969 oligarchiae
882 2918 1092 2970 inimicus,
1119 2922 1262 2960 tamen
1291 2919 1455 2973 integer
1483 2922 1648 2963 mansit.
