1895 3322
917 126 980 175 34

175 255 297 295 είλετο
326 256 472 305 μᾶλλον
500 261 582 301 τοῖς
609 254 741 307 νόμοις
769 236 943 307 ἐμμένων
973 251 1178 297 ἀποὲανεῖν
1215 252 1240 307 ἢ
1268 256 1495 308 παρανομῶν
1523 256 1610 308 ζῆν;
1648 255 1721 296 So-

175 332 282 371 crati
312 332 492 372 alterum
520 333 732 385 agendum
760 345 850 372 esse
877 332 1061 383 scriptor
1093 335 1249 382 narrat,
1287 345 1416 383 quum
1452 333 1495 371 in
1521 332 1725 371 iudicium

173 411 351 448 vocatus
379 408 540 449 iudices
568 410 766 460 precibus
786 422 873 450 non
900 410 1048 450 adiret.
1093 410 1222 453 Isocr.
1253 409 1353 450 XVI
1381 410 1405 462 ξ
1432 412 1556 450 25....
1577 411 1724 451 εἵλοντο

174 488 319 537 μᾶλλον
346 494 481 538 φυγεῖν
509 483 534 538 ἢ
562 486 654 533 τοὺς
681 489 841 533 πολίτας
863 488 956 528 ἰδεῖν
977 487 1248 533 δουλεύοντας;
1275 486 1498 538 tyrannide
1516 485 1725 525 Pisistrati

172 564 404 604 constituta
437 563 765 605 Alcmaeonidae
794 566 1022 607 decernere
1050 566 1186 606 coacti
1215 568 1331 615 sunt,
1367 567 1511 605 utrum
1538 564 1583 604 in
1607 564 1723 604 ‚urbe

175 653 345 682 manere
373 654 426 681 an
455 654 506 682 ex
534 641 673 693 patria
700 641 846 695 fugere
874 641 1040 684 vellent.
1068 641 1305 695 putandum
1332 641 1465 695 igitur
1492 643 1554 681 est
1580 639 1721 692 paullo

178 723 277 770 post
311 720 548 771 tyranidem
586 721 870 770 constitutam,
905 721 945 760 h.
983 733 1016 760 e.
1054 734 1183 771 quum
1219 722 1330 760 cives
1365 718 1574 760 Pisistrati
1609 719 1723 758 dicto

175 797 395 837 audientes
411 810 501 837 esse
517 797 766 848 coepissent,
786 798 892 837 illud
909 799 1129 838 consilium
1145 801 1317 849 captum
1337 810 1437 837 esse.
1466 796 1510 836 in
1530 796 1722 836 eandem-

181 886 263 925 que
292 874 543 914 sententiam
571 875 729 927 eadunt
756 874 855 926 Lyc.
886 887 920 914 c.
950 874 1098 915 Leocr.
1125 875 1149 927 ξ
1178 876 1228 915 86
1255 876 1322 916 καὶ
1351 871 1474 919 οὕτως
1507 868 1605 924 ἦσαν
1640 888 1723 925 γεν-

176 958 277 992 ναῖοι
306 950 343 992 οἱ
388 951 477 992 τότε
513 951 792 1003 βασιλευόντες,
829 949 930 992 ὥστε
962 954 1202 1004 προῃροῦντο
1235 949 1495 1003 ἀποθνήσκειν
1530 948 1625 1002 ὑπὲρ
1658 953 1727 1002 τῆς

175 1031 249 1070 τῶν
278 1026 501 1082 ἀρχομένων
531 1031 727 1082 σωτηρίας
754 1031 896 1081 μᾶλλον
923 1023 948 1081 ἦ
980 1030 1116 1077 ζῶντες
1145 1025 1276 1081 ἑτέραν
1305 1027 1539 1081 μεταλλάξαι
1557 1026 1626 1079 τὴν
1649 1026 1724 1081 χώ-

179 1122 263 1158 ραν;
293 1106 405 1146 idem
432 1106 455 1158 ξ
479 1107 553 1145 130
580 1105 730 1152 εἰδότες
755 1105 826 1158 γὰρ
856 1102 916 1147 ’ὅτι
944 1110 1049 1147 δυοῖν
1085 1106 1272 1147 κινδύνοιν
1309 1104 1576 1158 ὑποκειμένοιν
1611 1103 1724 1156 ἄναγ-

176 1190 286 1225 καῖον
316 1184 426 1225 ἔσται
453 1185 621 1235 ἓατέρου
650 1191 871 1237 μετασχεῖν,
893 1184 989 1225 πολὺ
1020 1187 1164 1236 μᾶλλον
1185 1182 1411 1235 αἱρήσονται
1439 1182 1503 1224 τὸν
1521 1181 1618 1235 πρὸς
1637 1180 1726 1227 τοὺς

175 1263 386 1313 πολεμίους
413 1258 438 1312 ἢ
467 1261 531 1302 τὸν
551 1261 646 1313 πρὸς
672 1261 762 1307 τοὺς
789 1262 929 1314 νόμους
955 1264 1021 1303 καὶ
1049 1262 1138 1308 τοὺς
1165 1264 1336 1307 πολίτας.

280 1365 428 1415 Itaque
456 1364 636 1403 formula
666 1377 773 1415 quae
810 1368 873 1405 est
909 1367 1052 1417 μᾶλλον
1086 1364 1283 1417 αἱρεῖσὲται
1318 1364 1399 1403 ho‘c
1434 1363 1518 1402 dici
1546 1362 1724 1411 videtur,

179 1443 254 1494 qui
283 1442 327 1482 id
357 1442 469 1493 quod
492 1442 685 1494 iniquum
705 1442 772 1482 vel
800 1442 950 1483 inutile
970 1445 1080 1483 esset
1107 1442 1174 1482 vel
1194 1443 1533 1482 contemneretur
1560 1440 1727 1491 vitaret,

177 1533 273 1560 eum
302 1519 424 1559 aliud
446 1519 549 1571 quid
577 1519 650 1570 (sc.
681 1519 862 1559 alterum
892 1520 1005 1571 quod
1026 1521 1236 1571 reliquum
1264 1520 1340 1572 est)
1370 1518 1567 1572 aggredi3
1594 1518 1723 1557 idem·

178 1609 260 1646 que
288 1596 370 1636 alio
399 1596 525 1637 modo
546 1596 850 1636 demonstravit
877 1595 1137 1636 Nitzschius:
1155 1598 1214 1648 ³⁵)
1244 1597 1412 1646 „verba‚
1440 1595 1590 1645 inquit,
1619 1606 1725 1645 quae

177 1686 272 1713 cum
300 1672 560 1714 voluntatem
588 1673 855 1725 optionemve
893 1673 1114 1725 denotent,
1149 1673 1307 1714 iudicio
1345 1672 1587 1714 decernenti
1624 1684 1725 1723 prae

179 1753 328 1792 ceteris
359 1753 679 1793 accommodata
706 1756 816 1802 sunt,
844 1754 982 1803 posita
1001 1766 1101 1793 vero
1129 1753 1173 1791 in
1193 1752 1495 1809 deliberatione
1515 1763 1600 1790 non
1626 1762 1721 1801 pos-

176 1832 275 1869 sunt
314 1842 400 1869 non
441 1844 524 1870 uno
567 1819 731 1870 delecto
774 1831 998 1882 repudiare
1040 1831 1255 1872 alterum.“
1317 1833 1359 1870 et
1400 1829 1597 1881 quoniam
1641 1828 1721 1867 hoc

177 1908 467 1959 cognovimus,
496 1907 550 1947 ad
579 1908 816 1959 exemplum
836 1892 1059 1958 Lysiacum
1079 1907 1318 1957 redeamus;
1347 1907 1416 1946 hic
1437 1918 1604 1957 quoque
1631 1917 1721 1944 ver-

177 1985 278 2024 bum
322 1985 403 2037 (ἐπ)
434 1986 527 2026 ἰδεῖν
563 1985 760 2037 legimus,
797 1989 844 2025 ut
878 1986 922 2024 in
959 1985 1176 2025 enuntiato
1214 1997 1265 2024 ex
1300 1983 1494 2024 Isocratis
1532 1982 1723 2023 oratione

179 2062 280 2102 XVI
309 2062 449 2112 allato,
477 2076 561 2113 quo
590 2063 645 2112 id,
685 2063 799 2113 quod
838 2063 1036 2103 observat
1079 2053 1306 2111 Eucrates,
1343 2064 1485 2101 manet
1520 2073 1605 2100 non
1647 2073 1724 2110 per

179 2142 394 2191 posteram
422 2142 615 2190 aetatem,
644 2140 717 2180 sed
746 2140 864 2180 brevi
893 2140 1096 2198 temporis
1126 2139 1263 2191 spatio
1302 2138 1553 2179 continetur.
1609 2137 1722 2189 quod

178 2218 213 2256 si
245 2230 336 2256 eam
366 2218 618 2257 sententiam
637 2218 680 2257 in
701 2217 879 2257 formula
898 2216 1093 2269 αἱρεῖσξται
1113 2221 1257 2269 μᾶλλον
1285 2217 1468 2267 positam
1495 2229 1585 2257 esse
1610 2219 1725 2256 recte

177 2295 370 2345 exposui,
399 2295 663 2334 enuntiatum
682 2294 905 2346 Lysiacum
925 2296 1005 2335 hoc
1025 2294 1253 2348 significat:
1274 2294 1405 2344 „mori
1432 2294 1644 2345 praetulit,
1672 2307 1724 2333 ne

176 2373 342 2413 ruinam
372 2373 586 2413 moenium
607 2372 841 2413 intueretur
867 2373 907 2413 h.
935 2386 968 2414 e.
995 2376 1112 2414 ante
1139 2384 1227 2413 rem
1248 2371 1460 2424 publicam
1479 2370 1723 2412 sublatam.“

175 2462 314 2501 neque
352 2449 463 2489 enim
492 2449 620 2488 alium
648 2462 816 2490 sensum
844 2451 951 2490 ratio
990 2450 1173 2500 dicendi,
1210 2462 1293 2501 qua
1326 2461 1425 2488 usus
1469 2452 1532 2488 est
1567 2451 1722 2499 orator,

177 2529 346 2568 videtur
373 2527 536 2568 offerre.
566 2531 693 2579 atque
714 2529 889 2569 eandem
919 2530 1167 2570 sententiam
1188 2528 1406 2578 superiore
1426 2528 1562 2566 aetate
1583 2524 1722 2565 Schei-

177 2605 271 2646 bius
301 2605 510 2657 probavit,
548 2605 615 2645 cui
650 2606 703 2646 ad
737 2606 852 2647 illam
888 2606 1128 2659 explicandi
1163 2605 1370 2647 rationem
1404 2606 1572 2656 praeter
1600 2604 1724 2645 εἵλετο

178 2684 323 2733 μᾶλλον
352 2682 478 2722 etiam
510 2681 546 2722 οἱ
573 2680 701 2734 ἄρξειν
731 2685 932 2734 μέλλοντες
960 2684 998 2736 (ξ
1018 2685 1057 2735 5)
1096 2686 1286 2733 spectare
1308 2682 1589 2732 videntur.³⁶)
1619 2693 1726 2731 quae

279 2863 340 2913 ³⁵)
369 2862 413 2902 in
442 2862 627 2903 editione
643 2863 745 2903 Plat.
766 2864 878 2903 Ionis
899 2878 939 2915 p.
962 2864 1021 2904 71.
1040 2887 1087 2894 --
1108 2865 1167 2916 ³⁰)
1198 2862 1515 2913 Oligarchische
1532 2861 1711 2903 Umwiil-

177 2928 287 2967 zung
315 2915 358 2954 in
386 2914 525 2957 Athen
555 2928 595 2967 p.
624 2917 686 2966 52,
714 2930 753 2956 n.
784 2917 845 2956 19.
