1895 3322
944 127 1006 177 28

199 258 351 310 quibus
380 259 520 299 verbis
550 258 749 309 quoniam
777 259 910 298 multa
937 271 1065 309 supra
1093 258 1193 309 dixi,
1230 272 1343 299 nunc
1379 259 1610 311 praeterire
1637 257 1742 298 mihi
1782 255 1787 260 ”

194 336 332 377 liceat.
386 336 461 377 sed
488 336 592 378 haec
620 336 834 377 hactenus.

300 452 624 507 Circumspectis
662 452 856 494 omnibus
893 452 1019 493 rebus
1062 452 1384 505 rationibusque
1424 450 1644 493 subductis
1682 449 1745 490 di-

196 534 377 574 cendum
414 537 494 582 est,
522 531 574 571 de
602 532 760 571 scelere
788 530 987 571 Eucratis
1024 531 1162 571 adhuc
1198 532 1303 571 nihil
1333 532 1437 572 certi
1464 531 1605 570 verive
1643 530 1741 570 alla-

197 617 289 650 tum
318 624 407 651 esse
433 623 582 661 neque,
619 610 699 649 etsi
735 610 870 648 oratio
911 621 995 647 non
1016 608 1183 659 integra
1209 608 1434 658 iudicatur,
1472 622 1601 659 quum
1628 606 1746 658 prior

197 702 295 739 pars
324 688 527 727 orationis
557 686 621 738 (ἓξ
653 687 766 737 1—5)
812 699 907 725 cum
947 698 1072 725 causa
1106 685 1221 725 nullo
1257 686 1384 726 modo
1421 685 1620 737 coniungi
1649 696 1745 735 pos-

198 765 339 817 sit‚³²)
368 764 459 803 fieri
487 776 613 813 posse
643 767 689 803 ut
719 762 831 813 quod
861 762 945 801 fide
973 762 1150 813 dignum
1177 762 1233 801 sit
1261 776 1446 813 unquam
1476 763 1652 802 dicatur.

810 968 1032 1051 &aaut
1076 968 1153 1036 w„

302 1126 505 1176 Quoniam
545 1126 597 1164 de
636 1129 884 1177 argumento
922 1124 1045 1163 huius
1081 1124 1308 1172 orationis,
1345 1124 1397 1163 de
1444 1138 1526 1175 qua
1563 1125 1746 1175 disputo,

198 1216 408 1254 causaque
437 1202 721 1252 disseruimus,
758 1205 892 1242 restat
926 1205 973 1240 ut
1008 1202 1117 1240 ratio
1147 1201 1315 1241 dicendi
1353 1215 1435 1252 qua
1470 1206 1614 1242 orator
1644 1215 1745 1242 usus

200 1282 264 1318 est
292 1278 438 1330 paucis
467 1278 720 1330 inquirenda
748 1279 952 1318 videatur.

302 1409 364 1448 Ac
393 1421 478 1447 non
505 1408 631 1448 modo
672 1408 935 1448 adversarios
973 1411 1148 1458 peccato
1185 1407 1383 1447 Eucratis
1422 1408 1614 1460 quolibet
1651 1421 1746 1448 usos

199 1498 287 1523 esse
315 1488 362 1523 ut
389 1484 526 1536 legem
553 1485 643 1523 iure
667 1485 796 1524 latam
825 1498 915 1524 esse
946 1485 1295 1533 demonstrarent,
1323 1497 1469 1525 verum
1498 1487 1623 1525 etiam
1652 1498 1746 1525 reos

200 1561 431 1602 concedere
468 1575 493 1601 a
520 1575 595 1601 suo
633 1565 754 1614 patre
791 1561 954 1614 aliquid
988 1562 1136 1602 iniusti
1174 1561 1442 1602 commissum
1473 1574 1573 1610 esse,
1610 1561 1748 1613 capite

198 1640 341 1690 priore
377 1640 621 1690 exposuisse
649 1640 806 1680 videor.
863 1654 988 1691 quam
1017 1641 1072 1679 ob
1102 1653 1192 1678 rem
1219 1640 1352 1678 miror
1383 1641 1496 1690 quod
1526 1643 1670 1679 orator
1704 1640 1746 1678 in

198 1717 401 1756 orationis
438 1716 612 1756 exordio
649 1716 912 1767 exclamavit,
954 1715 1201 1769 ἐνθυμήθητε
1237 1717 1374 1767 τοίνυν,
1412 1715 1489 1757 οἷοί
1516 1731 1614 1762 τινες
1643 1713 1749 1762 ὅντες

198 1799 352 1836 πολῖται
380 1796 447 1836 καὶ
475 1792 586 1835 αὐτοὶ
614 1796 681 1835 καὶ
709 1790 758 1835 ὧν
785 1795 1047 1847 προσήκοντες
1076 1793 1288 1847 ἀδικοῦμεν
1325 1795 1519 1836 ἐλεεῖσῇαι
1546 1792 1612 1846 ὑφ’
1641 1791 1747 1846 ὖμῶν

198 1874 265 1914 καὶ
292 1875 365 1914 τῶν
393 1874 554 1914 δικαίων
583 1872 795 1927 τυγχάνειν,
824 1872 865 1913 h.
895 1885 929 1911 e.
949 1871 984 1910 si
1012 1871 1352 1924 interpretamur,
1380 1871 1644 1912 considerate
1670 1872 1748 1924 igi-

197 1955 280 1999 tur,
308 1951 482 2000 iudices,
511 1955 553 1990 et
581 1951 725 2001 quales
753 1963 829 1988 nos
859 1949 942 1999 ipsi
978 1949 1089 1989 cives
1119 1953 1161 1989 ct
1188 1950 1441 2000 quibuscum
1468 1962 1622 2001 genere
1651 1962 1747 1988 con-

197 2029 345 2078 iuncti,
374 2016 399 2068 a
424 2029 545 2069 vobis
573 2028 910 2068 misericordiam
938 2030 1132 2079 petamus
1162 2031 1205 2068 et
1233 2031 1281 2068 ut
1306 2028 1417 2068 iusta
1437 2028 1577 2068 omnia
1605 2028 1747 2068 consc-

200 2120 378 2158 quamur
406 2106 570 2146 incuria
600 2105 779 2146 affecti.“
837 2104 990 2145 deinde
1018 2104 1141 2145 huius
1169 2105 1230 2145 rei
1260 2105 1514 2146 documento
1542 2117 1632 2145 esse
1659 2117 1744 2145 cre-

198 2185 262 2223 dit
290 2187 434 2223 orator
469 2183 615 2223 Niciae
652 2196 719 2222 res
749 2186 900 2234 gestas,
940 2183 1138 2223 Eucratis
1174 2197 1359 2223 amorem
1395 2184 1438 2223 in
1473 2183 1677 2235 populum
1706 2186 1749 2223 et

198 2263 298 2312 alia3
330 2265 372 2302 et
399 2262 443 2301 in
470 2261 594 2301 huius
625 2260 798 2313 quidem
834 2260 1022 2300 moribus
1058 2260 1266 2312 factisque
1302 2260 1523 2301 laudandis
1559 2261 1747 2312 quicum-

201 2352 283 2391 que
311 2338 441 2379 etiam
470 2342 702 2378 extremam
731 2338 934 2377 orationis
962 2341 1127 2389 partem
1163 2339 1327 2392 legerit,
1364 2339 1453 2379 sine
1482 2339 1611 2379 dubio
1640 2340 1746 2381 desi-

199 2418 367 2458 derabit
401 2416 567 2469 peccati
605 2416 831 2455 cuiuslibet
864 2416 1072 2456 rationem
1106 2415 1266 2457 haberi.
1319 2430 1457 2468 neque
1485 2430 1583 2458 vero
1612 2417 1656 2457 id
1686 2420 1749 2457 est

199 2496 371 2545 factum,
398 2507 546 2535 verum
577 2494 704 2534 etiam
732 2494 930 2535 Eucratis
959 2495 1095 2548 gloria
1121 2496 1183 2535 ita
1203 2496 1452 2546 celebratur,
1480 2499 1528 2536 ut
1554 2503 1597 2536 et
1623 2510 1750 2537 aurae

198 2574 418 2626 popularis
448 2572 662 2613 studiosus
691 2571 820 2612 fuisse
848 2586 986 2625 neque
1014 2574 1247 2625 quidquam
1275 2574 1444 2614 sceleris
1472 2574 1515 2613 in
1542 2575 1748 2625 populum

198 2651 457 2693 commisisse
475 2664 755 2703 magnamque
775 2652 967 2693 attulisse
986 2652 1211 2693 utilitatem
1232 2652 1438 2693 videatur.
1469 2666 1552 2705 qua
1577 2667 1625 2694 re
1653 2667 1747 2694 cum

198 2732 386 2770 animum
422 2728 579 2769 offendi
625 2729 855 2780 contendo,
891 2744 976 2771 non
1014 2744 1271 2783 magnopere
1313 2744 1453 2771 errare
1492 2731 1651 2772 videor.
1706 2737 1750 2772 at

306 2862 367 2912 ³²)
396 2862 645 2911 argumenta
674 2872 724 2898 ex
752 2872 797 2899 re
824 2860 958 2911 petita
977 2873 1106 2911 supra
1133 2861 1275 2912 attuli;
1304 2860 1470 2912 reliqua
1499 2874 1551 2901 ex
1580 2860 1749 2901 dicendi

198 2913 361 2953 ratione
390 2914 558 2963 sumpta
585 2911 798 2962 proferam
825 2913 869 2951 in
897 2913 1035 2964 capite
1063 2912 1208 2953 altero.
