1895 3322
941 158 1005 208 20

198 291 245 329 ut
273 275 449 329 causam*
472 290 684 333 obtineret
712 304 817 343 opus
846 289 986 330 fuisse.
1032 294 1159 343 atque
1186 293 1285 333 huic
1319 293 1551 334 sententiae
1577 304 1748 343 respon-

195 367 294 408 dere
334 366 692 409 videtur-titulus
728 382 811 420 quo
848 368 993 409 addito
1035 370 1169 410 oratio
1218 371 1432 412 iudicatur
1472 370 1748 412 accusatoria..

156 479 160 483 ,
196 457 292 484 nam
321 445 356 484 si
384 457 480 485 reus
510 444 637 496 cadit,
666 446 871 486 multatur
904 458 1041 498 poena
1070 448 1263 498 quadam.
1319 451 1390 501 qui
1428 452 1568 488 autem
1604 448 1646 486 in
1675 447 1748 486 ali-

196 537 319 573 quem
348 527 397 576 τῇ
427 525 664 577 παραγραφῇ
692 526 850 577 χρῄται,
888 525 966 564 etsi
993 525 1083 575 ipse
1117 531 1239 566 antea
1273 528 1418 568 eadem
1447 541 1572 567 causa
1608 540 1743 565 arces-

195 600 301 641 situs
344 605 418 651 cst,
460 605 603 641 tamen
639 600 750 641 idem
786 589 1017 645 accusator>
1044 603 1127 643 dici
1163 606 1313 654 potest.
1367 618 1463 644 nam
1499 603 1747 656 aggreditur

196 678 355 717 iudices
386 679 550 729 docere,
579 692 663 718 non
683 680 792 719 iusto
821 680 913 719 iure
941 693 984 720 se
1012 681 1056 720 in
1076 681 1278 720 iudicium
1299 683 1442 721 vocari
1470 687 1596 733 atque
1624 695 1744 722 accu-

194 759 378 796 satorem
410 757 723 808 quodammodo
744 757 978 810 παρανόμων
1008 763 1187 799 accusat.
1233 760 1389 800 dixerit
1418 760 1638 812 quispiam,
1665 760 1744 799 hoc

195 833 358 885 aliquid
399 848 501 885 esse,
547 835 620 875 sed
664 848 933 887 nequaquam
970 836 1013 875 in
1053 836 1136 876 isto
1173 839 1324 888 omnia;
1361 839 1594 879 orationem
1636 839 1746 878 enim
1784 883 1786 885 ,

192 910 463 962 Isocra-team,
475 927 557 965 qua
572 914 614 953 in
625 913 926 954 Callimachum
942 926 1066 953 causa
1082 916 1151 966 τῆς
1166 918 1424 968 παραγραφῆς
1439 916 1602 955 intenta
1614 916 1743 954 anim-

194 990 504 1041 adverteretur,
536 992 721 1047 *inscribi
747 990 1003 1043 παραγραφὴν
1036 991 1154 1043 πρὸς
1190 995 1453 1047 Καλλίμαχον,
1507 1006 1592 1033 ηοη
1622 993 1746 1035 κατὰ

193 1067 461 1121 Καλλιμάχου.
480 1068 531 1108 de
547 1069 860 1119 praepositione
877 1067 1047 1118 quidem
1059 1081 1164 1118 quae
1180 1073 1243 1109 est
1256 1069 1352 1122 πρός
1366 1070 1470 1110 nihil
1482 1070 1585 1110 certi
1599 1069 1746 1110 afferre

193 1158 385 1197 possum3
413 1145 494 1186 hoc
522 1149 662 1186 autem
684 1149 861 1196 constat,
887 1159 1032 1186 vocem
1065 1159 1170 1198 quae
1200 1151 1263 1188 est
1289 1148 1420 1202 γραφὴ
1436 1148 1532 1201 πρός
1552 1164 1635 1189 τινα
1662 1148 1745 1201 sig-

193 1224 377 1273 nificare,
412 1238 550 1274 reum,
588 1225 622 1263 si
661 1238 787 1264 causa.
828 1225 1010 1274 caderet,
1046 1238 1130 1264 non
1166 1227 1346 1276 pecunia
1383 1227 1564 1266 multari.
1620 1230 1661 1266 et
1698 1239 1746 1265 ea

194 1302 401 1342 sententia
429 1302 648 1342 transferri
677 1307 820 1354 potest
847 1303 891 1342 in
919 1303 1035 1342 illam
1072 1304 1328 1344 Isocrateam
1357 1304 1613 1354 orationem3
1650 1316 1746 1342 nam

198 1380 501 1430 Callimachus,
544 1381 578 1420 si
620 1384 764 1420 orator
813 1394 981 1420 causam
1031 1381 1261 1437 obtineret,
1303 1381 1408 1420 nihil
1448 1381 1529 1420 nisi
1569 1380 1747 1432 triginta

196 1458 418 1498 drachmas
447 1459 515 1510 (cf.
549 1458 572 1511 ξ
601 1460 640 1510 3)
670 1459 845 1509 perdere
873 1462 1054 1509 poterat,
1082 1459 1126 1498 id
1157 1459 1271 1510 quod
1300 1463 1423 1499 antea
1443 1459 1536 1512 lege
1565 1450 1744 1510 quadam

194 1539 335 1576 ratum
363 1540 467 1577 erat.
521 1549 657 1588 neque
686 1549 785 1577 vero
824 1536 1057 1576 diiudicare
1096 1549 1267 1588 possum
1296 1550 1395 1576 num
1425 1540 1466 1576 et
1494 1537 1745 1588 παραγραφαὶ

193 1613 289 1664 πρός
317 1630 400 1654 τινα
421 1619 463 1654 et
489 1617 741 1666 παραγραφαὶ
761 1615 862 1656 κατά
893 1631 996 1660 τινος
1024 1615 1186 1654 intendi
1206 1616 1433 1665 potuerint.
1490 1628 1744 1665 quamquam

193 1705 322 1742 quum
356 1705 440 1732 non
478 1693 616 1743 possit
654 1693 840 1733 dubitari
876 1693 977 1743 quin
1011 1706 1136 1733 causa
1164 1692 1380 1741 eiusmodi,
1416 1696 1591 1743 propter
1619 1707 1743 1744 quam

193 1771 329 1808 oratio
373 1769 514 1809 XVIII
550 1770 785 1820 composita
826 1783 915 1809 esse
956 1770 1146 1818 videtur,
1189 1769 1337 1820 Lysiae
1378 1771 1639 1820 temporibus
1677 1771 1745 1822 agi

194 1846 390 1898 quiverit,
420 1846 735 1885 concedendum
767 1858 855 1885 csse
882 1850 999 1897 puto,
1037 1847 1079 1885 id
1110 1845 1224 1897 quod
1253 1846 1378 1885 modo
1408 1846 1514 1895 dixi,
1552 1846 1624 1896 qui
1654 1859 1745 1884 ora-

194 1926 350 1964 tionem
381 1924 601 1975 Lysiacam
629 1923 771 1963 XVIII
798 1911 948 1964 habuit
985 1924 1019 1963 ei
1051 1927 1097 1964 ut
1125 1936 1293 1964 causam
1329 1924 1541 1963 obtineret
1568 1923 1648 1963 hoo
1677 1923 1745 1963 de'-

193 2002 392 2060 fendendi
413 2016 567 2054 genere
590 2003 794 2042 utendum
815 2003 953 2042 fuisse.
1000 2016 1137 2054 neque
1165 2015 1263 2041 vero
1286 2002 1517 2052 quidquam
1536 2001 1747 2052 reperitur

193 2080 308 2131 quod
344 2080 397 2118 ad
433 2080 537 2118 illud
574 2093 724 2120 causae
761 2093 891 2133 genus
927 2080 1155 2130 pertineat3
1193 2092 1243 2118 ne
1281 2083 1369 2118 tum
1400 2079 1569 2129 quidem
1599 2082 1743 2118 orator

192 2158 307 2197 illius
340 2158 446 2209 legis
476 2158 683 2197 rationem
711 2158 871 2207 habuit,
910 2171 1039 2207 quum
1066 2170 1090 2196 a
1119 2154 1328 2195 iudicibus
1363 2160 1528 2206 peteret
1562 2169 1613 2195 ne
1641 2156 1746 2194 mul-

192 2236 246 2275 tis
276 2235 395 2274 annis
431 2238 529 2285 post
566 2233 615 2274 τὰ
642 2232 939 2285 παρεληλυὲότα
975 2234 1289 2273 ulciscerentur.
1344 2233 1486 2284 itaque
1523 2233 1747 2272 dicendum

198 2313 379 2362 videtur,
407 2312 523 2352 illam
552 2312 686 2363 legem
717 2316 789 2351 aut
819 2326 947 2363 quum
977 2313 1080 2351 haec
1110 2324 1235 2351 causa
1270 2314 1466 2362 ageretur
1502 2311 1748 2362 abrogatam

192 2391 324 2430 fuisse
355 2413 403 2419 -
434 2391 548 2441 quod
576 2391 824 2431 incredibile
860 2391 1030 2431 videtur
1060 2414 1108 2419 —
1137 2394 1208 2429 aut
1236 2390 1279 2428 in
1308 2403 1355 2429 ea
1391 2394 1511 2440 parte
1546 2389 1748 2429 orationis

193 2482 300 2520 quae
328 2481 413 2507 non
455 2471 517 2508 est
551 2468 708 2507 tradita
743 2468 914 2507 allatam
948 2480 1037 2507 esse
1073 2471 1199 2518 atque
1236 2466 1482 2518 expositam,
1519 2470 1567 2506 ut
1596 2467 1639 2506 in
1668 2479 1739 2507 ex-

195 2550 331 2586 trema
368 2546 571 2585 orationis
607 2550 728 2596 parte
770 2546 1050 2596 praetermitti
1092 2557 1215 2595 posse
1257 2544 1483 2585 videretur.
1541 2545 1576 2583 si
1617 2545 1750 2596 igitur

191 2637 256 2663 rcs
286 2637 328 2662 se
358 2623 417 2662 ita
437 2623 577 2672 habet,
608 2624 737 2675 verba
764 2623 995 2675 παρανόμων
1026 2622 1235 2674 φεύγοντος
1263 2625 1330 2663 τοῦ
1359 2619 1476 2663 αὐτοῦ
1506 2620 1644 2672 ἀνδρός
1664 2634 1748 2660 non

192 2704 372 2752 possunt
400 2703 569 2750 servari,
609 2706 650 2740 et
685 2701 767 2740 hoc
802 2701 927 2740 etiam
963 2700 1188 2739 dilucidius
1225 2712 1275 2738 ex
1313 2699 1584 2749 sequentibus
1615 2711 1743 2749 appa-

193 2779 315 2818 rebit.
372 2778 445 2818 sed
473 2779 555 2817 hoo
585 2777 637 2817 de
664 2777 796 2817 altera
824 2790 960 2816 causa.

297 2883 385 2922 Iam
401 2882 663 2933 inquiramus
679 2882 865 2933 priorem
881 2894 1061 2920 causam.
1085 2884 1212 2931 atque
1228 2880 1441 2920 Isocratea
1462 2880 1536 2919 illa
1559 2878 1750 2919 oratione
1806 2928 1809 2931 Ι

189 2957 396 3009 novimus,
417 2959 490 3013 qui
511 2971 637 2999 causa
657 2960 915 3012 παραγραφῆς
936 2957 1106 2998 caderet
1127 2970 1222 2997 eum
1241 2955 1310 3009 τὴν
1331 2956 1542 3010 ἐπωβελίαν
1567 2954 1746 3010 ὀφείλειν,

960 3031 981 3053 d
