1895 3322
920 105 1040 179 32'

176 261 377 307 ποιοῦντες
416 256 498 301 ἀλλ’
540 254 583 300 οὗ
631 260 736 310 σφᾶς
782 246 950 311 αὖτοὺς]

175 338 370 391 χρηστοὺς
396 337 644 390 παρέχοντες,
665 337 732 377 καὶ
750 338 828 378 νυνὶ
847 338 922 378 τῶν
1052 336 1164 386 XVI,
1191 337 1253 377 37.
1297 333 1397 378 οὕτω
1438 338 1577 391 σφόδρ’
1616 355 1641 391 η
1677 355 1720 382 τε

173 417 244 467 τῆς
270 414 421 463 πόλεως
440 413 622 470 εὐτυχιῶν
649 410 923 465 ἀπολαύοντες,
972 413 1082 461 πόλις
1108 416 1182 456 τῶν
1209 416 1277 456 τοῦ
1305 413 1451 466 πατρὸς
1469 419 1596 459 κακῶν
1625 415 1720 458 ἀπέ-

172 489 254 534 ἂλλ’
286 490 331 534 οὗ
374 492 559 545 πρότερον
606 494 679 534 τῶν
727 489 923 545 ὑμετέρων
972 496 1090 533 λαυσε
1131 488 1310 538 κάκεῖνος
1349 494 1422 534 τῶν
1462 495 1534 546 τῆς
1568 493 1720 540 πόλεως

174 570 358 613 κινδύνων
386 572 625 625 μετέχοντες.
975 571 1180 622 συμφορῶν
1208 569 1468 622 ἐκοινώνησεν.

275 701 420 742 Etiam
456 701 581 753 plura
607 698 748 740 afferri
772 701 973 751 poterant
999 711 1107 750 quae
1134 697 1288 739 similia
1313 702 1431 750 sunt;
1468 700 1541 740 sed
1569 713 1722 753 magna

173 791 226 818 ex
251 779 374 830 parte
404 780 503 818 sunt
530 790 582 818 ex
612 789 661 817 eo
697 788 863 830 genere,
902 774 1016 827 quod
1053 777 1242 815 oratores
1278 789 1408 828 quum
1435 776 1513 818 hae
1543 780 1585 818 et
1611 777 1717 818 tales

173 867 325 894 causae
353 857 537 908 aguntur
563 853 756 906 proferre
791 852 946 901 solent3
979 852 1096 892 velut
1137 852 1282 904 Lysias
1321 853 1463 895 XVIII
1490 855 1539 908 ἓξ
1568 857 1630 905 22,
1656 856 1718 895 23.

175 935 228 979 cf.
256 937 384 977 Isocr.
412 935 512 977 XVI
539 935 589 989 ἓξ
615 935 679 985 45,
696 934 759 984 47,
785 934 849 974 48.
877 932 973 986 Lys.
991 932 1145 984 XVIII,
1173 932 1197 986 ξ
1221 934 1269 975 18
1298 934 1348 974 cf.
1378 931 1539 975 Andoc.
1567 933 1587 973 I
1614 933 1725 986 ξ81.ι

176 1027 284 1066 quae
312 1017 454 1055 autem
482 1011 606 1053 attuli
634 1010 927 1062 imprimisque
964 1022 1073 1061 quae
1100 1010 1238 1061 prima
1274 1011 1398 1062 posui
1427 1009 1632 1050 eiusmodi
1660 1009 1721 1051 vi-

176 1090 329 1130 dentur
365 1090 470 1130 mihi
506 1100 595 1129 esse
631 1091 678 1127 ut
713 1090 892 1138 uterque
927 1089 1071 1127 orator
1098 1099 1174 1138 per
1209 1100 1254 1127 se
1290 1087 1384 1139 pari
1419 1087 1545 1128 modo
1582 1100 1719 1139 neque

174 1166 316 1207 dicere
343 1179 480 1218 neque
507 1166 730 1207 nonnullas
758 1178 825 1206 res
855 1165 966 1206 inter
992 1178 1037 1206 se
1064 1166 1320 1220 coniungere
1347 1166 1554 1219 potuerit3
1581 1179 1718 1219 neque

174 1257 274 1284 vero
304 1256 478 1295 possum
506 1244 741 1284 diiudicare
769 1256 853 1295 qua
879 1256 924 1283 re
952 1244 1164 1284 exstiterit
1190 1244 1259 1284 hic
1286 1257 1535 1295 consensus3
1572 1257 1716 1295 quam-

175 1334 303 1373 quam
323 1319 367 1361 in
388 1324 576 1362 extrema
592 1320 903 1361 dissertationis
917 1322 1039 1374 parte
1058 1320 1220 1373 aliquid
1247 1334 1296 1362 ea
1315 1321 1367 1362 de
1381 1335 1427 1363 re
1447 1321 1530 1362 dici
1546 1322 1716 1374 poterit.

278 1400 367 1440 Iam
394 1398 697 1453 aggrediamur
724 1398 779 1438 ad
813 1398 1000 1451 singulas
1030 1399 1232 1439 orationis
1260 1402 1401 1451 partes
1429 1399 1715 1451 inquirendas.
1746 1450 1757 1463 .

173 1478 462 1518 Franckenius
490 1477 628 1530 igitur
655 1478 712 1529 (p.
736 1477 823 1530 126)
852 1477 918 1530 §1
948 1477 1124 1518 verbum
1152 1478 1220 1518 καὶ
1239 1482 1336 1518 ante
1363 1474 1475 1519 αὐτοί
1494 1477 1719 1518 delendum

176 1569 266 1595 esse
301 1558 475 1611 censet9
517 1554 687 1605 „quales
724 1553 835 1594 cives
872 1554 955 1605 ipsi
992 1557 1035 1594 et
1071 1567 1250 1605 quorum
1291 1556 1521 1607 propinqui
1556 1541 1717 1597 miseri-

175 1633 365 1674 cordiam
393 1636 578 1674 vestram
605 1632 920 1684 imploremus“.
948 1644 1057 1683 „non
1085 1631 1287 1683 homines,
1315 1635 1363 1673 ut
1381 1632 1442 1673 ait
1467 1632 1532 1673 vir
1552 1631 1716 1683 doctus,

174 1714 453 1764 opponuntur
487 1710 599 1751 inter
634 1722 696 1760 se,
739 1709 813 1751 sed
854 1710 1061 1751 attributa
1097 1707 1204 1757 ’ὄντες
1232 1714 1275 1751 et
1307 1709 1580 1763 προσήκοντες.
1636 1711 1718 1751 iam

172 1789 366 1829 Dobreus
394 1788 459 1828 his
487 1786 669 1827 offensus
706 1787 888 1827 coniecit
914 1789 981 1828 καὶ
1010 1786 1047 1828 οἱ
1074 1786 1349 1839 προσήκοντες,
1388 1787 1462 1828 sed
1489 1788 1719 1839 propinqui

173 1879 260 1906 non
288 1865 520 1917 implorant
553 1863 926 1904 misericordia1n.“
979 1864 1083 1905 haec
1119 1864 1315 1917 equidem
1348 1876 1434 1905 non
1460 1864 1609 1916 probo,
1645 1864 1718 1906 sed

173 1946 278 1994 puto
307 1942 437 1983 verba
456 1944 571 1982 recte
599 1941 758 1981 tradita
778 1954 878 1990 esse,
908 1954 1036 1992 quum
1065 1941 1306 1994 significare
1326 1940 1568 1982 videantur:
1596 1953 1717 1991 „con-

173 2019 367 2068 siderate,
398 2018 541 2070 quales
574 2018 700 2059 etiam
727 2018 809 2069 ipsi
828 2018 939 2059 cives
968 2019 1097 2059 simus
1118 2021 1160 2060 et
1189 2032 1369 2071 quorum
1395 2020 1650 2072 propinqui“
1677 2023 1720 2061 et

173 2111 281 2149 quae
320 2100 566 2148 sequuntur.
629 2096 664 2134 si
705 2108 805 2135 vero
846 2095 881 2134 F
883 2096 1099 2136 ranckenii
1145 2096 1432 2136 coniecturam
1474 2096 1715 2147 probamus,

174 2178 318 2216 orator
353 2187 508 2227 magna
543 2173 624 2213 fuit
664 2173 863 2224 superbia
904 2186 1034 2225 quum
1075 2173 1161 2214 n'on
1202 2174 1256 2214 ad
1295 2174 1501 2215 maiorum
1542 2174 1717 2215 virtutes

173 2254 350 2302 tantum,
392 2251 466 2292 sed
495 2250 623 2292 etiam
653 2250 706 2290 ad
735 2262 802 2290 eas
831 2263 896 2291 res
929 2263 1031 2303 quas
1060 2250 1152 2303 ipse
1178 2250 1312 2291 multo
1354 2251 1494 2291 iunior
1520 2251 1719 2304 gessisset

171 2331 392 2370 advertere
421 2329 583 2368 animos
611 2328 798 2368 iudicum
818 2328 1004 2368 auderet.
1059 2328 1125 2368 sin
1144 2328 1302 2369 tradita
1320 2329 1450 2370 verba
1476 2329 1718 2378 retinemus,

171 2407 306 2447 multo
349 2405 582 2446 modestius
624 2407 769 2445 orator
812 2404 1029 2446 admoneri
1069 2405 1231 2446 iudices
1274 2405 1366 2446 vult
1395 2418 1478 2458 quo
1520 2405 1646 2446 modo
1675 2418 1718 2445 se

171 2485 263 2537 ipse
290 2485 334 2525 in
363 2484 536 2525 civitate
564 2486 695 2536 gerat.

275 2615 338 2654 De
366 2613 415 2667 ἓξ
443 2615 480 2663 4,
508 2616 533 2655 5
560 2614 622 2653 ita
649 2612 876 2664 disputabo
905 2615 952 2653 ut
979 2615 1022 2653 et
1049 2612 1101 2653 de
1127 2612 1255 2653 rebus
1291 2612 1345 2653 ab
1373 2612 1557 2654 Eucrate
1585 2600 1715 2666 gestis

172 2692 341 2733 dicatur
369 2695 412 2733 et
439 2691 717 2745 grammatica
736 2690 961 2731 verborum
988 2691 1097 2731 ratio
1118 2691 1364 2743 explicetur.
1402 2693 1530 2742 atque
1556 2689 1717 2731 Eucra·

170 2775 231 2811 tes
261 2770 433 2822 quidem
454 2769 574 2810 clade
602 2769 657 2809 ad
684 2769 852 2818 flumen,
882 2768 996 2820 quod
1024 2769 1263 2821 appellatur
1289 2767 1408 2822 Αἰγὸς
1435 2771 1620 2822 ποταμοί,
1650 2782 1716 2810 ac·

173 2852 297 2902 cepta
324 2848 378 2889 ab
398 2846 727 2889 Atheniensibus
748 2845 834 2886 dux
854 2846 1119 2887 renuntiatus
1148 2850 1222 2888 cst.
1252 2847 1325 2899 qui
1355 2860 1484 2899 quum
1512 2861 1537 2888 a
1554 2847 1716 2888 civibus

173 2927 337 2967 civitati
367 2926 540 2967 infensis
570 2939 594 2966 a
621 2926 814 2977 partibus
850 2926 1039 2976 ipsorum
1076 2928 1189 2967 stare
1215 2926 1445 2976 iuberetur,
1481 2938 1551 2966 eos
1579 2926 1717 2967 noluit
