1895 3322
935 162 997 210 23

991 217 1004 233 X

196 293 453 333 commisisse
487 291 529 332 i'n
564 304 652 332 rem
687 291 903 342 publicam
936 290 1003 329 vel
1031 290 1082 328 in
1110 289 1359 340 populum
1388 302 1567 339 eumque
1595 292 1737 328 aucto-

194 384 283 411 rem
311 370 438 410 inisse
467 382 564 409 cum
591 368 683 408 aliis
712 371 758 407 ut
785 368 965 419 populus
1003 367 1047 406 in
1074 366 1268 406 Piraeum
1297 365 1587 417 expelleretur.
1641 378 1737 404 nam

195 450 339 488 orator
365 460 417 486 ne
445 459 571 487 causa
600 445 770 485 caderet
796 448 895 496 post
913 443 1096 484 reditum
1125 456 1147 482 e
1167 442 1313 483 Piraeo
1333 442 1738 494 opportunissimum

194 529 360 576 tempus
401 524 528 564 fuisse
561 523 611 565 τὰ
637 521 932 575 παρεληλυθότα
963 520 1167 572 puniendi
1195 514 1382 559 addidit.
1436 523 1656 571 praetcrea
1694 523 1740 559 ut

192 601 415 654 peccatum
453 601 650 642 Eucratis
686 612 827 639 rerum
860 611 1063 638 novarum
1098 597 1283 638 studium
1312 597 1440 637 fuisse
1468 597 1740 647 demonstret,

195 681 414 721 Scheibius
450 680 533 719 hoc
568 679 700 719 affert.
754 679 880 718 liceat
913 676 1017 717 mihi
1052 676 1180 716 verba
1209 675 1394 714 Scheibii
1429 675 1522 724 ipsa
1550 674 1740 724 proferre

194 771 322 811 quum
352 747 633 796 necessarium
662 756 718 796 sit
745 760 793 795 ut
820 758 954 795 totam
982 753 1298 793 demonstrandi
1334 752 1543 792 rationem
1578 752 1737 791 intelle-

193 850 352 890 gamus.
409 849 531 885 „nam
561 835 596 874 si
632 835 817 884 fovisset,
852 833 1001 885 inquit,
1038 831 1242 883 populum
1279 831 1351 882 qui
1379 834 1469 870 tum
1508 842 1738 880 paucorum

193 914 522 955 dominationem
549 911 814 961 affectabant,
842 912 914 951 vix
941 924 1036 951 eum
1063 910 1311 950 invitassent
1337 912 1384 949 ut
1403 909 1554 949 summi
1574 909 1740 960 imperii

191 993 350 1033 honore
377 1003 519 1030 secum
547 981 771 1029 uteretur.“
801 1013 849 1018 —
877 988 1106 1037 „Eucrates
1127 1000 1150 1026 a
1170 987 1362 1038 partibus
1382 986 1735 1026 Lacedaemonio-

192 1086 286 1112 rum
319 1071 449 1118 stetit,
486 1082 667 1121 quorum
701 1067 968 1118 potissimum
1005 1079 1133 1116 opera
1169 1066 1239 1105 ille
1269 1065 1457 1105 futurum
1492 1072 1581 1104 esse
1610 1068 1731 1115 puta-

191 1149 299 1189 verit
326 1153 372 1188 ut
399 1145 641 1197 respublica
670 1145 828 1196 optime
856 1147 1105 1185 mutaretur.
1159 1147 1213 1193 at,
1252 1143 1391 1195 inquit
1423 1143 1646 1195 quispiam,
1673 1156 1736 1182 re-

190 1226 386 1278 pudiavit
421 1225 492 1264 ille
528 1223 768 1263 dominatus
804 1223 1049 1262 societatem
1087 1214 1351 1273 mortemque
1391 1222 1570 1273 imperio
1612 1234 1734 1272 prae-

189 1304 299 1345 tulit.
355 1316 453 1342 sane
489 1302 588 1353 quia
623 1314 869 1341 conversam
911 1300 1081 1351 quidem
1128 1299 1263 1340 voluit
1298 1300 1622 1351 rempublicam,
1663 1299 1736 1339 sed

191 1396 275 1421 non
307 1381 446 1420 voluit
472 1393 548 1431 pei·
574 1380 697 1419 huius
724 1379 841 1418 modi
860 1379 1062 1428 homines,
1091 1391 1270 1431 quorum
1304 1379 1585 1430 iniquitatem,
1619 1379 1735 1418 incu-

195 1444 355 1500 riarum
384 1459 654 1511 cupedinem,
690 1457 929 1507 avaritiam,
963 1458 1269 1497 immanitatem
1305 1457 1418 1496 haud
1446 1457 1573 1497 dubie
1601 1459 1737 1506 norat,

193 1551 278 1577 non
305 1537 440 1577 voluit
474 1549 761 1587 paucorum
797 1536 1128 1576 dominationem
1165 1536 1237 1576 sed
1265 1536 1443 1576 fortasse
1480 1550 1609 1587 quum
1646 1537 1736 1588 ipse

193 1629 244 1654 ex
271 1615 560 1667 optimatibus,
581 1614 845 1665 maioresque
865 1614 952 1653 eius
973 1613 1056 1652 iam
1077 1616 1215 1653 essent
1242 1612 1392 1652 horum
1415 1627 1582 1654 causam
1601 1616 1735 1655 secuti

192 1693 416 1747 imperium
446 1692 712 1744 optimatium
740 1691 975 1731 affectabat.
1023 1692 1095 1731 sed
1124 1705 1254 1742 quum
1290 1693 1413 1732 aliam
1442 1693 1735 1746 diversamque

192 1771 244 1810 ab
275 1785 323 1811 ea
354 1784 480 1822 quam
522 1772 661 1810 animo
691 1783 765 1810 suo
807 1770 1106 1810 informaverat
1147 1772 1287 1821 parari
1337 1772 1500 1811 videret
1549 1772 1733 1812 civitatis

191 1848 382 1898 formam,
421 1862 582 1888 summa
616 1861 696 1900 ope
731 1848 849 1888 novis
885 1849 1010 1888 rebus
1039 1848 1270 1888 reluctatus
1308 1851 1487 1889 mortem
1516 1849 1732 1900 oppetiit.“

295 1952 351 1993 Ut
370 1953 515 2004 paucis
544 1952 800 2004 complectar
821 1966 927 2004 quae
946 1952 1077 1992 fusius
1099 1953 1299 2004 exposuit.
1320 1952 1552 2002 Schoibius‚
1574 1953 1732 1993 Euora-

191 2033 274 2070 tem
304 2030 462 2082 populo
491 2029 814 2071 Atheniensium
841 2030 1058 2070 inimicum
1093 2030 1221 2071 fuisse
1258 2034 1423 2071 etcum
1452 2031 1731 2072 Lacedaemo-

189 2110 268 2147 niis
305 2109 610 2159 rempublicam
655 2121 902 2149 conversum
938 2110 991 2149 iri
1034 2123 1224 2161 sperasse
1261 2113 1395 2161 putat.
1452 2113 1495 2149 et
1531 2109 1733 2160 quoniam

190 2186 365 2226 vidisset
399 2187 443 2226 id
480 2188 549 2240 agi
578 2195 626 2227 ut
660 2188 893 2240 oligarchia
922 2188 1263 2238 constitueretur,
1299 2201 1394 2228 eum
1432 2188 1556 2228 saluti
1585 2188 1733 2239 populi

190 2263 412 2303 studuisse.
468 2265 733 2305 manifestum
761 2266 892 2318 igitur
921 2269 984 2306 est
1013 2279 1120 2317 quae
1147 2267 1169 2319 ξ
1198 2268 1224 2306 4
1251 2271 1294 2307 et
1320 2267 1343 2320 ξ
1373 2268 1420 2306 11
1451 2267 1608 2318 scripta
1636 2270 1733 2305 sunt

193 2341 274 2391 (καὶ
290 2338 400 2391 ἠξίου
411 2341 648 2393 (Διόγνητος)
663 2343 889 2383 Παυσανίαν
905 2344 1100 2395 βοηθῆσαι
1115 2345 1181 2384 καὶ
1197 2343 1262 2385 διὰ
1276 2343 1344 2395 τὴν
1360 2347 1489 2394 φιλίαν
1504 2347 1570 2386 καὶ
1586 2345 1651 2386 διὰ
1665 2345 1734 2396 τὴν

189 2418 319 2466 ξενίαν
338 2418 406 2470 τὴν
423 2416 698 2473 ὑπάρχουσαν),
715 2432 762 2460 ea
783 2419 894 2460 inter
909 2433 953 2460 se
971 2421 1170 2473 coniungi
1191 2421 1326 2461 virum
1348 2421 1518 2462 doctum
1535 2423 1731 2464 voluisse.

190 2499 380 2549 quamvis
409 2500 516 2539 bene
542 2499 645 2540 haec
674 2500 868 2551 exposita
904 2513 992 2539 esse
1020 2499 1258 2551 videantur,
1297 2503 1437 2539 tamen
1467 2513 1555 2540 rem
1583 2500 1626 2540 in
1655 2501 1729 2540 du-

187 2576 436 2617 bitationem
464 2590 615 2618 vocare
643 2590 786 2630 cogor.
832 2591 928 2618 nam
958 2591 1009 2617 ex
1036 2577 1058 2630 ξ
1090 2579 1140 2617 14
1171 2578 1318 2628 elucet,
1345 2579 1572 2618 Eucratem
1603 2592 1732 2629 quum

188 2657 285 2703 post
313 2667 501 2707 pugnam
536 2656 727 2696 navalem
762 2656 816 2696 ad.
850 2655 1004 2696 flumen
1042 2656 1159 2708 quod
1195 2655 1315 2708 Αἰγὲς
1350 2658 1522 2709 ποταμοί
1557 2659 1732 2696 vocatur

187 2731 294 2770 male
322 2731 478 2771 factam
519 2733 606 2772 dux
642 2734 906 2774 renuntiatus
948 2739 1067 2783 esset⁷
1112 2735 1238 2789 ilico
1281 2748 1304 2774 a
1345 2735 1504 2785 populo
1548 2734 1727 2774 stetisse.

187 2809 301 2859 quod
331 2810 365 2850 si
405 2810 625 2852 Scheibius
665 2815 783 2853 recte
811 2812 1056 2865 disputavit,
1096 2812 1301 2853 Eucrates
1344 2812 1426 2852 illis
1467 2813 1729 2864 temporibus

185 2886 396 2927 intellexit
433 2888 477 2927 id
515 2888 585 2940 agi
622 2893 669 2928 ut
704 2889 937 2941 oligarchia
971 2891 1313 2930 constitueretur.
1369 2894 1411 2930 et
1448 2890 1529 2929 hoc
1559 2891 1729 2941 quidem

186 2963 386 3005 affirmari
415 2965 587 3005 videtur
614 2966 637 3019 ξ
666 2967 717 3005 44
746 2967 948 3006 orationis
978 2967 1069 3016 ΧΠ,
1100 2967 1171 3007 ubi
1191 2966 1335 3018 Lysias
1364 2967 1523 3007 iudices
1553 2969 1727 3018 monuit,

1440 3046 1496 3085 3*
