1895 3322
934 148 995 194 10

185 276 356 330 quidem
383 276 476 316 iure
503 276 719 326 sumptum
748 286 837 314 esse
871 274 1052 325 videtur,
1080 288 1164 316 non
1192 276 1301 318 filios
1337 277 1533 319 Eucratis
1561 280 1633 320 sed
1662 294 1734 332 pa-

182 360 291 396 trem
325 355 465 406 ipsum
499 354 543 393 in
571 354 683 394 cives
718 354 1019 406 peccavissest)
1073 369 1169 395 nam
1207 360 1248 396 et
1283 357 1360 397 sub
1397 357 1516 398 XXX
1552 360 1739 399 virorum

183 432 362 485 imperio
393 437 534 490 praesag
571 434 692 471 erant
720 431 757 484 (ξ
790 433 851 484 10)
880 445 1016 483 neque
1058 446 1188 485 quum
1216 433 1403 473 nondum
1443 434 1614 475 civitate
1649 439 1737 475 ute-

184 514 332 551 rentur
366 524 437 551 eos
474 510 706 561 quidquam
745 509 1003 549 commisisse
1049 511 1251 551 credibile
1285 515 1367 561 est,
1411 513 1526 563 quod
1562 513 1738 565 dignum

184 591 295 630 esset
322 589 437 641 quod
464 591 563 640 post
590 587 837 628 diuturnum
866 591 1032 640 tempus
1062 580 1472 630 commemoraretur.

295 694 378 735 Sed
405 693 553 734 redeat
580 692 717 732 oratio
748 693 860 733 unde
889 694 1117 735 aberravit.
1163 694 1246 733 iarn
1275 695 1536 746 inquiramus
1566 709 1648 747 qua
1676 709 1740 736 ra-

189 773 304 812 tione
330 772 462 812 verba
488 768 748 822 paragraphi
776 773 952 821 quartae
987 771 1176 811 decimae
1210 772 1467 813 mutaverint
1504 773 1583 814 viri
1613 773 1738 813 docti.

921 940 944 991 ξ
975 941 1010 979 3.

292 1044 434 1095 Atque
465 1043 646 1094 primum
677 1043 847 1095 quidem
877 1042 1102 1082 dicendum
1131 1047 1214 1094 est,
1248 1044 1531 1086 Hamakerum
1560 1045 1744 1096 primum

190 1121 476 1171 contendisse,
511 1121 703 1161 oratione
739 1121 817 1161 hac
857 1121 1102 1161 Poliochum
1145 1123 1377 1176 παρανόμων
1417 1125 1625 1174 accusari,
1669 1124 1742 1164 sed

191 1201 299 1240 filios
327 1200 525 1240 Eucratis
556 1213 600 1239 se
629 1199 864 1240 defendere.
918 1213 1027 1249 nam,
1064 1203 1111 1239 ut
1145 1201 1205 1241 ait
1231 1201 1519 1242 Franckenius
1556 1203 1610 1253 (p.
1639 1203 1742 1254 125),

192 1278 265 1329 qui
300 1278 437 1318 virum
480 1277 600 1317 illum
637 1277 810 1317 doctum
838 1277 1042 1328 sequitur,
1085 1281 1222 1326 „totus
1260 1280 1377 1319 color
1414 1280 1615 1319 orationis
1658 1293 1741 1319 non

192 1356 395 1397 convenit
414 1356 686 1405 accusationi,
714 1355 787 1394 sed
810 1354 1042 1394 defensioni
1065 1355 1341 1406 aptissimus“.
1389 1356 1574 1396 Blassius
1603 1360 1743 1397 autem

191 1438 348 1484 censet,
378 1447 510 1486 genus
539 1433 708 1474 dicendi
735 1433 820 1473 tale
856 1446 948 1473 esse
977 1433 1184 1484 debuisse,
1214 1434 1301 1474 sive
1328 1437 1388 1474 rei
1409 1438 1556 1476 contra
1585 1436 1743 1475 crimen

190 1513 381 1553 Poliochi
419 1526 462 1552 se
499 1510 798 1562 defenderunt,
834 1511 922 1551 sive
950 1514 1238 1551 accusatorem
1267 1524 1392 1551 causa
1426 1511 1656 1565 παρανόμων
1684 1512 1744 1552 in·

192 1594 310 1632 tenta
337 1591 381 1631 in
418 1591 624 1630 iudicium
660 1592 878 1630 vocarunt.
943 1602 1198 1640 quamquam
1234 1589 1460 1630 Hamakeri
1496 1591 1745 1631 sententiam

196 1670 375 1722 probat,
404 1669 519 1721 quod
555 1671 699 1709 orator
738 1671 926 1708 extrema
961 1667 1165 1707 orationis
1200 1671 1321 1719 parte
1357 1681 1381 1707 a
1409 1667 1592 1719 syndicis
1621 1668 1745 1707 bene-

193 1748 423 1793 volentiam
451 1746 618 1797 petivit,
645 1749 862 1797 tamquam
890 1734 1093 1785 iudicium
1115 1750 1371 1796 exercerent,
1400 1746 1514 1797 quod
1542 1746 1635 1785 fieri
1662 1759 1746 1785 non

192 1825 414 1877 potuisset,
440 1823 522 1864 nisi
542 1836 668 1864 causa
697 1837 751 1864 ex
771 1823 994 1864 delationis
1021 1836 1175 1875 genere
1205 1822 1318 1874 quod
1339 1827 1513 1863 vocatur
1534 1820 1744 1874 ἀπογραφή

193 1905 362 1954 sumpta
397 1905 519 1943 esset.
579 1901 771 1953 profecto
810 1901 890 1940 hoc
919 1901 1235 1940 concedendum
1271 1904 1346 1951 est,
1374 1901 1539 1941 ratione
1578 1901 1746 1941 dicendi

193 1981 324 2022 totius
361 1979 563 2020 orationis
599 1979 918 2031 imprimisquae
961 1992 1028 2028 ea,
1073 1992 1156 2029 qua
1200 1992 1297 2018 usus
1342 1982 1405 2018 est
1446 1983 1588 2018 orator
1624 1979 1646 2031 ξ
1688 1956 1759 2027 13:

196 2058 380 2110 cognita,
400 2057 633 2096 orationem
655 2056 797 2096 XVIII
817 2056 1098 2096 defensoriam
1126 2070 1227 2095 esse.
1275 2060 1317 2096 et
1344 2056 1422 2095 hac
1451 2057 1502 2096 de
1531 2070 1577 2096 re
1605 2058 1746 2108 paullo

195 2139 295 2188 post
329 2135 510 2187 amplius
554 2134 695 2175 dicere
729 2135 773 2173 in
809 2133 947 2173 animo
976 2133 1124 2173 habeo.
1180 2137 1307 2185 atque
1344 2147 1456 2174 nunc
1485 2134 1655 2185 quidem
1683 2134 1744 2173 in-

197 2215 365 2266 quirere
391 2213 494 2252 mihi
523 2212 661 2260 liceat,
691 2224 773 2262 quo
802 2211 929 2250 modo
959 2211 1039 2250 viri
1069 2210 1183 2250 docti
1202 2211 1331 2251 verba
1359 2211 1382 2263 ξ
1406 2212 1454 2250 14
1483 2211 1744 2251 emendanda

196 2306 286 2333 esse
319 2291 562 2331 iudicarint.
626 2291 795 2330 fuerunt
833 2290 944 2330 enim
988 2291 1060 2341 qui
1098 2290 1201 2329 haec
1238 2303 1346 2340 quae
1381 2289 1503 2340 posui
1540 2289 1584 2328 in
1621 2289 1742 2328 initio

195 2369 320 2409 huius
349 2367 608 2421 paragraphi
645 2367 797 2407 tertiae
837 2370 952 2408 recte
981 2367 1195 2419 disputata
1233 2380 1322 2408 esse
1349 2366 1431 2407 rati
1459 2365 1680 2405 haererent
1706 2366 1748 2405 in

195 2447 348 2497 verbis,
378 2459 485 2498 quae
540 2449 639 2485 sunt
665 2445 896 2497 παρανόμων
926 2445 1135 2496 φεύγοντος
1164 2446 1230 2485 τοῦ
1260 2442 1411 2495 ἀνδρός,
1442 2447 1483 2483 et
1512 2444 1610 2494 quia
1639 2444 1748 2481 hanc

195 2525 429 2565 orationem
456 2524 762 2564 accusatoriam
789 2522 893 2562 falso
916 2522 1145 2562 credebant
1173 2525 1215 2562 et
1244 2521 1359 2573 quod
1381 2521 1641 2570 Poliochum,
1671 2521 1744 2571 qui

198 2618 329 2656 quum
369 2602 488 2655 prior
524 2614 649 2642 causa
684 2603 881 2654 ageretur
913 2613 1007 2640 reos
1045 2599 1281 2640 defendisse
1318 2601 1532 2647 narratur,
1569 2600 1749 2648 utroque

196 2677 354 2723 iudicio
404 2680 512 2721 filios
559 2680 761 2721 Eucratis
816 2679 1081 2720 arcessivisse
1132 2682 1174 2719 et
1223 2677 1455 2730 παρανόμων
1503 2679 1747 2717 accusatum

198 2775 325 2803 causa
351 2759 552 2802 cecidisse
579 2758 889 2800 existimabant.

306 2908 340 2959 Ε’)
371 2905 557 2945 Blassius
585 2916 625 2954 p.
655 2904 742 2944 524.
797 2902 1087 2943 Franckenius
1124 2914 1163 2953 p.
1194 2902 1279 2942 124.
1336 2900 1568 2950 Scheibius,
1603 2899 1748 2941 Vindi-

198 2958 335 2998 diciae
364 2958 565 3010 Lysiacae
593 2969 635 3006 p.
663 2957 725 2995 88.
