1895 3322
171 252 214 279 se
233 239 517 279 obstrinxerat
534 251 587 278 ne
607 251 713 289 quae
732 240 809 279 sub
829 238 1006 291 triginta
1026 239 1128 279 viris
1155 238 1200 277 in
1221 237 1360 288 ipsum
1381 239 1518 278 essent
1534 238 1711 289 peecata

173 316 405 367 respiceret
431 305 848 367 ulo'iscereturvew).
903 317 1063 368 quibusv
1081 317 1208 357 rebus
1228 315 1430 368 expositis
1450 314 1639 366 sequitur
1667 315 1714 353 ut

166 395 284 446 prior
312 408 438 434 causa
464 397 561 446 post
587 406 742 433 annum
761 394 838 433 403
865 397 959 434 acta
979 395 1035 435 sit
1062 398 1104 435 et
1131 408 1155 434 a
1183 394 1266 434 reis
1294 394 1490 442 obtenta3
1524 391 1569 431 id
1597 390 1712 444 quod

170 472 297 511 etiam
316 485 367 512 ex
387 471 436 525 §§
459 473 517 522 18,
539 473 586 511 19
605 457 727 511 huius
748 472 950 512 orationis
972 472 1108 513 conici
1127 474 1282 523 potest.
1322 483 1459 523 neque
1478 481 1578 511 vero
1599 468 1709 509 dilu-

175 548 269 588 cide
295 549 401 587 illud
422 549 590 600 quidem
617 552 679 588 est
706 552 1079 589 commemoratum
1106 552 1148 588 et
1165 548 1319 588 mirum
1346 551 1410 588 est
1425 547 1539 599 quod
1559 549 1713 596 orator,

176 624 373 675 quoniam
401 624 453 665 de
480 624 619 665 reditu
647 624 802 665 civium
834 624 879 664 in
906 628 1053 666 urbem
1088 624 1332 677 disputavit,
1372 624 1526 675 prioris
1565 636 1716 665 causae

176 705 248 741 aut
283 702 467 741 criminis
503 702 662 742 defensi
693 703 948 742 mentionem
985 703 1145 742 nullam
1177 702 1287 742 fecit.
1341 701 1377 742 si
1411 702 1544 755 igitur
1577 702 1714 742 Polio·

177 779 278 818 chus
321 793 444 819 causa
485 780 629 830 priore
672 779 910 829 cecidisset,
951 780 989 819 ei
1015 793 1100 820 non
1138 780 1325 820 licuisset
1362 780 1536 820 alteram
1575 792 1714 832 agere.

177 859 303 908 atque
337 842 622 900 Kirchhoffius
653 856 836 908 quidem,
873 870 1002 907 quum
1030 857 1082 896 de
1109 857 1433 908 antiquitatibus
1461 856 1731 897 Graecorum·

176 935 357 985 publicis
379 935 541 974 scholas
561 934 746 983 haberet,
767 934 931 973 censuit
952 933 1024 985 qui
1053 936 1293 986 εἰσαγγελίας
1321 935 1438 974 litem
1465 933 1716 974 intendisset

179 1025 352 1063 eamque
380 1012 652 1063 perdidisset,
689 1015 830 1053 tamen
858 1025 953 1052 eum
979 1024 1064 1052 non
1098 1012 1142 1052 in
1170 1009 1326 1064 ἀτιμίαν
1353 1011 1552 1052 incidisse
1580 1024 1715 1063 neque

179 1090 293 1130 aliud
322 1090 621 1131 detrimentum
650 1091 874 1142 accepisse,
903 1091 984 1130 nisi
1010 1094 1058 1131 ut
1085 1091 1199 1132 mille
1218 1090 1428 1131 drachmis
1454 1090 1716 1130 multaretur.

182 1169 296 1220 quod
326 1182 580 1220 quamquam
608 1172 722 1209 recte
759 1169 868 1210 dixit
894 1170 958 1209 vir
984 1169 1055 1210 ille
1083 1170 1249 1220 doctus,
1283 1173 1424 1210 tamen
1452 1169 1506 1208 ad
1533 1169 1718 1221 priorem

181 1259 348 1287 causam
376 1260 399 1286 a
427 1247 625 1287 Poliocho
660 1251 796 1287 actam
823 1261 908 1288 non
934 1247 1198 1289 referendum
1226 1247 1406 1289 videtur.
1457 1261 1555 1288 nam
1583 1247 1720 1287 Polio-

179 1326 280 1365 chus
310 1328 356 1365 ut
383 1339 534 1377 genere
563 1325 788 1365 accusandi
817 1339 877 1376 eo,
906 1326 1021 1377 quod
1046 1329 1223 1366 vocatur
1257 1327 1490 1377 εἰσαγγελία,
1525 1339 1623 1365 usus
1652 1326 1719 1377 sit,

180 1403 294 1455 leges
324 1416 346 1442 a
374 1403 535 1443 civibus
571 1407 668 1454 post
694 1403 877 1443 reditum
904 1404 948 1442 in
976 1404 1123 1444 urbem
1151 1403 1255 1443 latas
1292 1403 1414 1443 laesit
1449 1406 1576 1454 atque
1609 1402 1716 1442 iudi-

181 1494 248 1521 ces
292 1484 579 1521 accusatorem
614 1494 699 1521 non
733 1481 860 1522 modo
895 1481 1010 1521 mille
1046 1481 1255 1521 drachmis
1292 1481 1365 1522 sed
1400 1481 1527 1521 etiam
1568 1481 1718 1533 capitis

181 1559 465 1598 deminutione
484 1559 741 1598 multassent.
796 1560 881 1599 sive
900 1560 1032 1611 igitur
1052 1558 1104 1599 ad
1124 1560 1306 1609 priorem
1328 1571 1495 1599 causam
1515 1559 1721 1611 agendam

182 1649 335 1689 genere
372 1636 598 1677 accusandi
626 1649 686 1687 eo,
717 1637 831 1689 quod
858 1639 1035 1678 vocatur
1063 1638 1297 1689 εἰσαγγελία,
1335 1636 1422 1678 sive
1449 1637 1531 1678 alia
1557 1637 1720 1678 ratione

184 1728 281 1753 usus
311 1718 374 1754 est
412 1715 655 1764 Poliochus‚
693 1716 727 1754 si
761 1715 918 1754 iudicio
950 1716 1082 1755 altero
1119 1715 1228 1754 filios
1264 1715 1461 1754 Eucratis
1490 1716 1719 1765 arcessivit,

184 1796 381 1844 poterant
406 1794 468 1834 rei
496 1807 590 1834 eum
618 1794 926 1845 reprehendere
952 1797 1080 1845 atque
1106 1795 1150 1834 in
1178 1794 1380 1834 iudicium
1407 1806 1571 1844 vocare,
1608 1793 1723 1845 quod

183 1872 319 1924 legem
347 1874 434 1924 περὶ
463 1869 620 1924 ἀτιμίας
648 1872 776 1912 latam
803 1873 1011 1913 violasset.
1065 1886 1201 1925 neque
1228 1885 1326 1912 vero
1354 1871 1434 1912 hoc
1462 1874 1526 1913 est
1552 1871 1721 1913 factum.

182 1964 279 1990 nam
305 1951 405 1990 licet
433 1952 504 2001 qui
533 1951 706 1990 alteram
734 1951 833 1991 tulit
851 1952 987 2004 legem
1014 1950 1244 2002 παρανόμων
1272 1953 1492 1990 accusatus
1521 1951 1588 2001 sit,
1615 1951 1722 1992 hanc

186 2041 354 2068 causam
382 2029 451 2080 agi
479 2032 621 2069 orator
651 2028 764 2079 dicit,
793 2034 1016 2081 propterea
1047 2029 1171 2081 quod,
1211 2042 1465 2081 quamquam
1492 2028 1721 2070 Athenien-

185 2120 248 2147 ses
278 2106 561 2146 deerevissent
586 2119 639 2145 ne
666 2106 899 2146 facinorum
927 2107 1214 2157 superioribus
1241 2106 1502 2157 temporibus
1532 2108 1723 2147 commis-

184 2199 324 2225 sorum
344 2186 720 2234 reminiscerentur,
747 2190 888 2225 tamen
914 2184 1125 2225 iudicibus
1154 2184 1407 2235 persuadere
1434 2189 1659 2226 conaretur
1677 2191 1725 2227 ut

183 2264 339 2306 iudicia
358 2263 545 2303 facerent
571 2264 781 2303 contraria
800 2263 909 2303 inter
928 2275 982 2303 se.
1012 2275 1148 2315 neque
1175 2274 1274 2302 vero
1294 2275 1370 2314 per
1389 2262 1463 2302 has
1483 2275 1549 2303 res
1568 2262 1724 2305 licebat

185 2342 344 2383 oratori
369 2341 573 2408 iudicium
601 2355 871 2393 eomponere;
901 2341 975 2381 sed
1004 2341 1117 2393 quod
1137 2334 1362 2382 Poliochus
1392 2343 1582 2394 quamvis
1611 2343 1723 2395 capi-

185 2422 239 2461 tis
268 2420 524 2469 deminutus,
564 2423 704 2460 tamen
740 2423 961 2460 conaretur
995 2433 1140 2460 causas
1175 2433 1309 2473 agere.
1363 2420 1507 2473 itaque
1527 2420 1727 2463 -Scheibii

187 2499 429 2538 coniectura
458 2510 542 2537 non
568 2497 789 2548 probanda
817 2497 984 2536 videtur
1011 2511 1147 2549 neque
1177 2498 1212 2536 si
1244 2500 1367 2537 antea
1393 2499 1593 2549 probavit
1612 2499 1726 2551 quod

183 2576 440 2616 Hamakerus
469 2576 598 2615 verba
631 2573 861 2625 παρανόμων
890 2574 1099 2626 φεύγοντος
1133 2578 1200 2616 τοῦ
1231 2572 1349 2617 αὐτοῦ
1389 2571 1527 2626 ἀνδρός
1566 2590 1723 2628 expun-

186 2656 323 2709 genda
349 2653 571 2705 proposuit
598 2664 734 2702 neque
762 2651 797 2689 si
826 2664 954 2702 quum
982 2652 1131 2704 Lysiae
1160 2653 1369 2693 orationes
1398 2652 1561 2704 ederet,
1587 2656 1728 2694 tamen

186 2750 234 2776 ea
261 2733 448 2775 retinuit.
501 2735 542 2771 et
573 2730 707 2769 forma
744 2729 862 2769 verbi
898 2730 1140 2781 ἐζημιώσατε
1175 2730 1302 2771 etiam
1334 2733 1560 2781 propterea
1586 2744 1726 2782 repre·

296 2907 354 2958 12)
382 2903 543 2945 Andoc.
571 2899 673 2940 ibid·
703 2906 725 2958 ξ
753 2903 816 2953 81,
871 2903 1016 2956 Lysias
1044 2899 1196 2951 XVIII,
1223 2902 1284 2943 17.

1440 2978 1496 3015 2*
