1895 3322
928 123 991 171 46

290 249 586 302 Scheibius‘ss‘)
615 253 759 290 censet
786 249 1075 298 „Pausaniam‚
1102 252 1330 302 antequam
1349 263 1420 291 eos
1440 250 1513 302 qui
1536 250 1730 291 Piraeum

184 325 429 366 incolebant
456 326 684 376 obsideret,
712 326 755 366 in
790 325 1063 366 Academiam
1089 327 1349 379 pervenisse3
1376 339 1473 368 nam
1500 338 1553 367 ex
1578 327 1732 378 verbis,

186 416 293 455 quae
321 407 420 444 sunt
446 404 643 456 ἐπειδὴ...
662 401 920 457 ἀκαδῆμειαν,
948 417 1034 445 11011
1053 417 1177 457 posse
1196 406 1347 458 conici,
1373 409 1496 447 antea
1522 404 1732 458 proelium

183 481 456 521 commissum
484 468 584 523 esse.
633 485 854 534 praeterea
872 482 1131 536 Diognetum
1150 486 1386 525 assecutum
1416 496 1517 534 esse,
1546 486 1594 524 ut
1624 482 1729 523 Pau·

181 559 318 599 sanias
346 559 552 611 populum
579 558 722 601 fovere
750 560 976 612 iuciperet3
1004 560 1059 600 ad
1086 559 1281 601 Piraeum
1304 564 1450 601 -autem
1477 559 1727 601 Pausaniam

181 650 206 676 a
232 637 427 688 partibus
462 638 612 690 populi
648 639 850 680 stetisse.“
892 638 1008 679 credi
1043 651 1143 680 sane
1169 641 1324 690 potest,
1351 638 1721 688 Lacedaemonios,

183 717 411 766 postquam
447 715 491 754 in
525 715 758 755 Academia
800 716 1067 767 aliquantum
1108 716 1312 768 temporis
1348 716 1503 757 versati
1539 718 1654 765 sunt,
1687 714 1731 753 in

184 790 379 832 Piraeum
407 792 621 843 profectos
649 806 749 834 esse.
806 792 920 845 quod
956 793 990 833 si
1017 806 1082 834 res
1111 807 1155 834 se
1181 793 1243 835 ita
1276 793 1463 843 haberet,
1495 793 1729 845 Diognetus

184 882 235 909 ex
265 870 370 911 urbe
404 871 448 910 in
476 870 750 911 Academiam
777 871 982 923 pervenit,
1018 875 1066 912 ut
1101 871 1329 912 Pausanias
1367 871 1563 923 precibus
1598 870 1730 922 ipsius

182 948 388 999 impulsus
418 961 484 988 res
505 948 751 990 defenderet
773 952 920 989 contra
940 949 1164 1000 optimates
1193 949 1405 1002 (βοηθῆσαι
1435 961 1491 989 sc.
1519 948 1730 1001 Diogneto

183 1026 520 1078 propinquisque
541 1029 607 1069 καὶ
627 1027 798 1080 τιμωρὸν
819 1029 972 1079 γενέὲῐαι
1000 1029 1073 1070 τῶν
1094 1029 1149 1075 εἰς
1168 1025 1276 1080 ἡμᾶς
1294 1025 1607 1080 ἡμαρτηκότων).
1634 1039 1732 1078 pro-

182 1104 353 1155 pinquis
383 1108 523 1144 autem
552 1104 638 1144 fere
668 1105 781 1144 idem
819 1105 975 1144 accidit
1003 1105 1117 1157 quod
1152 1105 1326 1157 populo3
1367 1103 1480 1156 quod
1517 1103 1649 1156 igitur
1685 1106 1732 1141 ut

183 1182 415 1233 propinqui
444 1182 748 1222 adiuvarentur
776 1182 940 1233 petivit,
975 1182 1056 1222 hoc
1083 1181 1290 1233 pertinuit
1327 1180 1380 1221 ad
1408 1182 1612 1232 populum
1640 1181 1730 1220 uni-

182 1272 362 1299 versum.
417 1272 467 1298 ac
495 1259 530 1299 si
557 1259 792 1311 Diognetus
821 1260 901 1300 hoc
939 1260 1077 1300 animo
1105 1260 1150 1300 in
1178 1260 1402 1311 optimates
1439 1258 1531 1309 fuit,
1567 1258 1729 1310 quaeri-

182 1341 253 1377 tur
281 1350 356 1376 cur
384 1349 469 1375 non
497 1350 522 1375 a
548 1337 709 1387 populo
738 1337 940 1387 petiverit
975 1341 1022 1377 ut
1049 1338 1273 1388 optimates
1302 1336 1564 1388 punirentur.
1606 1319 1728 1387 ‘prae-

180 1419 297 1455 terea
339 1415 373 1454 si
402 1418 548 1454 orator
588 1414 702 1464 apud
739 1414 901 1472 iudices
943 1414 1132 1464 dixisset,
1168 1415 1380 1467 Diogneto
1408 1414 1611 1466 populum
1644 1426 1729 1453 non

182 1507 306 1545 posse
343 1506 419 1545 per
457 1505 501 1533 se
535 1493 759 1544 optimates
796 1493 1038 1544 opprimere
1073 1497 1115 1533 et
1151 1493 1276 1534 alieni
1312 1492 1456 1533 auxilii
1486 1505 1622 1544 egere,
1647 1491 1727 1531 hoc

181 1572 243 1611 illi
277 1570 510 1624 aegerrime
538 1571 745 1611 tulissent.

284 1675 360 1715 His
389 1674 592 1726 expositis
623 1687 675 1715 ex
708 1675 848 1715 verbis
884 1672 1200 1728 825v...÷593aro
1234 1688 1319 1715 non
1354 1674 1399 1715 id
1434 1673 1726 1715 coniciendum

180 1755 362 1805 videtur,
391 1754 506 1804 quod
536 1753 771 1802 Scheibius,
802 1754 870 1792 cui
903 1754 1138 1804 Diognetus
1166 1753 1365 1804 privatim
1393 1753 1546 1792 adiisse
1574 1752 1725 1792 Pausa-

180 1833 293 1873 niam
336 1831 522 1881 videtur,
548 1834 777 1882 antequam
819 1830 950 1882 fieret,
979 1830 1093 1882 quod
1119 1831 1215 1872 hell.
1255 1831 1307 1881 ΙΙ,
1347 1832 1384 1881 4,
1424 1832 1476 1871 35
1518 1832 1724 1870 narratur.

181 1910 296 1962 quod
324 1922 424 1950 vero
465 1908 693 1948 Pausanias
740 1921 788 1948 eo
831 1909 1033 1960 pervenit,
1062 1913 1110 1950 ut
1148 1922 1323 1950 munera
1362 1922 1387 1949 a
1422 1908 1598 1961 triginta
1623 1907 1724 1948 viris

180 1988 324 2029 oblata
359 1986 553 2038 accipere
586 1986 736 2035 nollet,
775 1998 828 2026 ex
865 1987 946 2026 hoc
982 1990 1178 2038 apparet,
1218 2000 1313 2027 eum
1352 1986 1522 2026 illorum
1549 1984 1724 2025 consilia

181 2079 266 2107 non
292 2065 510 2117 probasse.
565 2068 608 2105 et
635 2064 671 2104 si
698 2065 844 2116 paullo
873 2068 971 2117 post
999 2079 1050 2106 ex
1077 2065 1306 2106 Academia
1333 2065 1386 2106 ad
1405 2065 1599 2106 Piraeum
1626 2076 1721 2116 pro-

178 2145 313 2185 fectus
343 2148 417 2194 est,
446 2144 559 2196 (hell.
591 2144 644 2192 11,
670 2145 708 2193 4,
737 2144 801 2195 31)
829 2144 991 2195 proelio
1029 2144 1224 2183 simulato
1253 2156 1338 2182 non
1363 2145 1532 2193 poterat
1558 2140 1724 2181 efficere

166 2218 291 2268 ὅπως
319 2220 374 2273 μὴ
404 2223 522 2272 δῆλος
550 2223 612 2272 εἴη
641 2218 803 2273 εὐμενὴς
830 2224 886 2272 τῷ
913 2219 1031 2274 δήμῳ
1051 2218 1110 2262 ὤν.
1159 2224 1201 2261 et
1227 2232 1281 2260 ne
1305 2222 1391 2260 tres
1421 2218 1590 2270 quidem
1618 2217 1721 2270 phy-

179 2303 244 2341 lae
272 2300 617 2349 Atheniensium,
647 2312 754 2350 quae
782 2312 806 2338 a
833 2298 1024 2349 partibus
1053 2299 1312 2339 urbanorum
1340 2298 1521 2348 stabant,
1551 2296 1721 2348 quibus—

178 2392 259 2431 que
287 2378 369 2418 hoc
396 2377 560 2436 proelio
589 2376 799 2425 utebatur,
828 2389 922 2416 eum
950 2379 1089 2416 essent
1115 2379 1295 2417 secutae.
1337 2376 1555 2427 praeterea
1582 2373 1722 2413 Pirae-

178 2437 297 2497 enses
326 2456 361 2495 si
383 2455 606 2495 Seheibius
635 2457 751 2494 recte
771 2455 978 2505 exposuit,
1008 2453 1123 2506 quod
1142 2454 1368 2494 Pausanias
1388 2453 1523 2502 iussit,
1541 2451 1721 2503 profecti

175 2537 315 2574 essent
343 2534 408 2574 ἐπὶ
436 2532 485 2573 τὰ
514 2530 638 2573 αὑτῶν
666 2531 786 2583 (Xen.
814 2531 911 2574 hell.
940 2532 993 2582 II,
1020 2534 1057 2583 4,
1085 2534 1164 2585 31).

279 2639 368 2678 Iam
394 2636 625 2685 videamus,
655 2634 758 2687 quid
784 2635 1020 2688 Diognetus
1048 2636 1247 2687 precibus
1281 2638 1430 2676 nactus
1457 2636 1525 2675 sit.
1579 2637 1721 2675 orator

174 2716 333 2765 laudat,
363 2714 479 2765 quod
506 2713 632 2754 1101110
676 2717 881 2765 cognatus
923 2713 1119 2764 effecerit,
1166 2718 1214 2755 ut
1254 2715 1481 2755 Pausanias
1515 2715 1720 2765 populum

173 2791 499 2834 Atheniensium
537 2790 684 2832 fovere
721 2790 939 2842 inciperet.
993 2804 1129 2843 neque
1162 2804 1262 2834 vero
1294 2792 1530 2844 Diognetus
1567 2791 1719 2832 Pausa-

282 2925 346 2973 49)
376 2922 485 2974 Olig.
514 2920 790 2973 Umwalzung
818 2933 859 2972 p.
892 2921 976 2962 128.
1005 2934 1048 2961 11.
1077 2922 1114 2963 3.
