1895 3322
948 105 1010 153 43

207 231 319 283 VIII,
345 234 396 273 98
425 233 463 274 ἐν
491 233 536 274 δὲ
562 233 612 287 τῇ
641 235 838 287 μεταβολῇ
868 233 1060 284 (imperio
1090 234 1497 285 quadringentorum
1525 234 1748 286 abrogato)

205 310 329 364 ταύτῃ
351 308 464 358 εὐθὺς
485 310 521 352 οἱ
539 311 608 363 μὲν
626 314 718 364 περὶ
745 310 811 353 τὸν
837 313 1081 363 Πείσανδρον
1101 313 1167 353 καὶ
1196 313 1419 360 Ἀλεξικλέα
1445 314 1511 353 καὶ
1532 310 1617 354 ’ὅσοι
1648 307 1747 363 ἦσαν

205 391 276 441 τῆς
304 386 525 442 ὀλιγαρχίας
553 388 724 442 μάλιστα
750 387 1026 443 ὖπεξέρχονται
1056 391 1111 436 εἰς
1137 388 1206 441 τὴν
1237 392 1450 432 Δεκέλειαν.

310 518 464 560 Orator
491 519 622 571 igitur
660 532 789 571 quum
827 516 916 561 οὔτε
950 520 1005 565 εἰς
1041 519 1245 560 Δεκέλειαν
1281 516 1446 572 ἀφίκετο
1482 519 1601 570 dixit,
1637 521 1750 560 illius

210 597 315 649 legis
343 597 552 637 rationem
580 598 776 638 habuisse
804 598 983 647 videtur,
1010 600 1126 637 ratus
1155 596 1236 636 hoc
1271 597 1396 637 modo
1434 611 1523 637 rem
1550 598 1751 650 Diogneti

204 675 402 716 facillime
422 675 632 716 iudicibus
652 675 825 727 probari
846 687 980 727 posse.
1036 687 1142 726 quae
1163 688 1293 726 quum
1312 674 1370 715 ita
1390 675 1486 726 sint,
1506 676 1540 715 si
1567 677 1751 727 primum

206 756 470 794 enuntiatum
506 754 528 806 ἓ
558 755 581 792 9
609 758 726 793 recte
762 753 1064 804 interpretatus
1100 766 1204 802 sum,
1241 753 1378 793 elucet
1412 753 1670 805 Diognetum
1698 755 1750 794 ab

205 844 313 871 anno
348 833 424 872 415
472 844 604 883 usque
643 831 696 871 ad
731 832 809 871 410
844 844 930 871 non
964 831 1007 870 in
1041 830 1167 871 exilio
1207 834 1416 871 moratum
1451 845 1552 872 esse.
1609 833 1752 884 itaque

176 900 392 950 ¹Bremius
420 913 463 950 et
497 909 681 949 Blassius
711 909 979 961 Diognetum,
1015 909 1133 948 cuius
1162 912 1305 948 orator
1339 910 1594 950 mentionem
1628 910 1739 960 fecit,

205 987 382 1028 eundem
411 1001 512 1038 esse,
549 1000 672 1039 quem
701 986 940 1027 Andocides
978 987 1337 1037 commemoravit,
1372 1000 1458 1027 non
1494 991 1607 1028 recte
1643 989 1750 1028 iudi-

206 1069 365 1105 carunt.

309 1195 506 1236 Fortasse
534 1195 692 1236 dixerit
725 1195 948 1247 quispiam,
985 1194 1244 1246 Diognetum
1284 1209 1369 1236 non
1410 1209 1519 1236 anno
1561 1198 1638 1237 415
1679 1196 1751 1237 sed

205 1287 313 1314 anno
342 1275 420 1314 410
457 1288 585 1325 quum
624 1274 797 1325 quidam
833 1287 884 1314 ex
921 1273 1025 1313 urbe
1061 1272 1294 1325 effugerent
1328 1286 1378 1312 ex
1413 1274 1553 1324 patria
1585 1273 1752 1326 fugisse.

208 1364 345 1402 neque
383 1363 482 1391 vero
517 1351 598 1392 hoc
634 1351 726 1392 fieri
761 1351 920 1402 potuit,
958 1350 1072 1402 quod
1111 1350 1376 1402 Thucydides
1415 1351 1541 1403 (VIII,
1571 1353 1634 1404 98)
1663 1352 1753 1403 ipse

210 1429 329 1479 dixit,
357 1442 500 1470 omnes
529 1430 640 1470 cives
676 1430 749 1481 qui
769 1430 993 1480 optimates
1022 1428 1215 1469 foverent
1243 1428 1649 1481 quadringentorum
1677 1430 1752 1469 irn-

207 1508 327 1559 perio
357 1508 562 1560 abrogato
592 1508 815 1548 Deceleam
843 1506 1058 1558 profectos
1089 1519 1195 1556 esse3
1232 1507 1376 1558 itaque
1412 1520 1580 1548 necesse
1615 1512 1679 1548 est
1708 1511 1755 1548 ut

210 1589 455 1635 statuamus,
475 1586 731 1638 Diognetum
752 1590 794 1626 et
813 1585 1035 1625 Deceleam
1055 1584 1296 1636 pervenisse
1316 1587 1358 1623 et
1377 1596 1401 1623 a
1427 1585 1621 1635 partibus
1642 1586 1751 1637 opti-

207 1663 383 1703 matium
425 1664 610 1713 stetisse,
653 1666 801 1703 eontra
843 1675 950 1714 quae
992 1662 1223 1713 opprobria
1263 1662 1521 1714 Diognetum
1564 1663 1754 1704 defendit

209 1743 363 1780 orator.
400 1752 449 1779 ac
478 1742 513 1779 si
541 1741 670 1779 verba
698 1740 820 1779 nobis
840 1739 998 1779 tradita
1017 1742 1132 1779 recte
1151 1739 1353 1789 intellexi,
1374 1740 1610 1790 putandum
1630 1741 1752 1780 nobis

208 1821 282 1868 est,
311 1818 566 1871 Diognetum
596 1818 705 1858 inter
734 1830 864 1857 annos
891 1818 969 1857 410
996 1820 1039 1857 et
1064 1818 1141 1856 404
1169 1816 1331 1856 exulem
1361 1815 1501 1867 fuisse,
1529 1830 1606 1869 per
1636 1817 1750 1868 quod

206 1900 371 1947 tempus
405 1896 612 1936 delatores
642 1895 851 1936 florebant
871 1895 942 1946 (cf.
963 1895 1057 1947 Lys.
1078 1894 1198 1934 XXV
1226 1895 1249 1947 ξ
1269 1896 1331 1945 25,
1351 1896 1442 1947 sq.).
1473 1896 1586 1947 quod
1608 1908 1751 1947 quam-

209 1987 334 2025 quam
370 1987 446 2025 per
482 1987 526 2014 se
560 1974 675 2014 credi
710 1977 851 2026 potest
886 1977 928 2014 et
964 1986 1058 2013 cum
1095 1972 1368 2024 sequentibus
1405 1973 1576 2025 quidem
1611 1974 1751 2014 verbis

214 2051 525 2102 quodammodo
548 2052 755 2100 convenit,
782 2055 924 2091 tamen
955 2054 1102 2100 contra
1137 2050 1363 2089 dicendum
1399 2050 1578 2100 videtur,
1614 2055 1752 2091 orato·

206 2143 296 2169 rem
325 2143 455 2181 quum
483 2129 526 2169 in
555 2129 693 2170 verbis
723 2126 812 2171 οὔτε
840 2130 895 2175 εἰς
925 2130 1126 2170 Δεκέλειαν
1155 2125 1320 2180 ἀφίκετο
1348 2128 1612 2180 proferendis
1641 2129 1752 2170 illius

207 2206 260 2246 de
285 2206 476 2259 perfugis
505 2206 610 2258 legis
637 2206 845 2246 rationem
880 2206 1111 2254 habuisset,
1150 2209 1239 2245 tum
1273 2208 1451 2256 propter
1486 2205 1752 2246 Alcibiadem

208 2284 337 2323 verba
366 2281 477 2324 οὔτε.
497 2316 504 2324 .
524 2316 531 2324 .
549 2284 836 2336 ἐστρατεύσατο
866 2284 1090 2323 addidisse.
1136 2296 1273 2334 neque
1293 2284 1402 2323 enim
1432 2285 1670 2335 accepimus
1699 2286 1752 2324 ab

207 2361 391 2413 antiquis
420 2362 700 2414 scriptoribus
728 2365 826 2414 post
854 2361 1118 2402 Alcibiadem
1154 2361 1328 2412 eiusque
1364 2366 1595 2414 cognatum
1623 2363 1752 2403 etiam

207 2441 311 2480 alios
352 2440 711 2481 Lacedaemonem
751 2440 930 2493 fugisse;
971 2452 1107 2491 neque
1149 2439 1261 2478 idem
1297 2438 1541 2491 significant
1570 2440 1653 2479 duo
1681 2440 1754 2478 illa

207 2519 441 2569 enuntiata3
470 2518 793 2559 Lacedaemonii
823 2520 895 2570 qui
921 2507 1125 2559 Deceleae
1153 2521 1273 2558 erant
1300 2518 1350 2557 iis
1380 2518 1454 2569 qui
1481 2517 1596 2558 domi
1614 2511 1751 2558 versa:

208 2598 363 2637 bantur
406 2599 550 2647 aperte
592 2600 877 2647 opponuntur.
932 2596 1062 2635 verba
1102 2596 1234 2647 igitur
1277 2599 1325 2635 ut
1359 2595 1524 2647 aliquid
1552 2596 1753 2635 momenti

207 2675 404 2726 habeant,
431 2674 691 2728 Diognetum
719 2687 889 2715 necesse
917 2677 981 2715 est
1013 2676 1109 2714 ante
1136 2675 1213 2714 410
1240 2673 1410 2727 fugisse,
1447 2674 1492 2714 id
1528 2674 1643 2726 quod
1678 2674 1750 2714 fal-

208 2767 300 2794 sum
329 2766 418 2794 esse
446 2766 497 2794 ex
515 2752 867 2805 praecedentibus
887 2751 1183 2791 intelleximus.
1212 2755 1430 2802 praeterea
1448 2753 1601 2791 mirum
1623 2765 1750 2803 quan-

207 2837 297 2872 tum
325 2832 369 2874 τὸ
400 2831 683 2883 στρατεύεσξται
712 2836 754 2871 et
780 2830 824 2872 τὸ
861 2828 1077 2882 ἀφικέσθαι
1104 2831 1401 2882 seiunguntur;
1438 2845 1533 2870 nam
1571 2831 1643 2881 qui
1671 2830 1750 2868 De-

208 2910 366 2952 celeam
394 2909 605 2961 pervenit,
631 2908 743 2950 idem
772 2908 867 2949 urbi
895 2907 1053 2948 bellum
1081 2907 1236 2948 intulit.
