1895 3322
875 109 937 157 41

141 240 461 292 profanatorum
502 240 796 290 mysteriorum
838 243 933 280 acta
967 238 1160 291 φεύγοντα
1189 239 1367 289 οἴχεσθαι
1403 234 1476 274 sed
1507 233 1684 273 Decelea

144 317 305 358 munita
334 317 417 357 alio
446 316 604 358 iudicio
633 318 892 368 arcessitum,
921 320 993 357 aut-
1020 317 1130 357 intcr
1149 315 1278 356 verba
1299 311 1421 367 ᾤχετο
1450 316 1493 352 et
1520 307 1597 364 μετ’
1607 308 1683 352 ὀλί-

142 409 218 447 γων
246 394 407 446 aliquid
435 395 653 435 excidisse.

247 563 378 619 Porro
422 563 696 616 cognovimus
739 563 994 616 Diognetum
1036 576 1087 603 ex
1129 561 1253 602 exilio
1294 561 1536 600 revocatum
1578 570 1684 605 essc;

143 652 239 678 nam
268 652 319 678 ex
347 640 485 679 verbis
516 653 622 691 quae
657 640 757 679 fecit
794 643 936 679 orator
973 638 1010 680 οἱ
1039 636 1146 691 αὐτῷ
1172 641 1242 690 τῆς
1276 637 1450 679 καξΰόδου
1478 638 1596 677 αἴτιοι
1622 650 1684 687 γε-

143 719 347 769 γενημένοι
375 718 416 771 (ξ
447 719 484 769 9)
513 719 653 758 elucet
680 731 774 758 eum
804 717 980 757 rediisse
1007 716 1050 757 in
1079 716 1237 757 urbem.

255 886 337 926 Sed
365 890 412 926 ut
441 899 524 938 quo
555 890 747 938 tempore
775 886 950 926 redierit
980 886 1216 938 Diognetus
1238 897 1552 936 cognoscamuS,
1582 896 1689 934 quae

144 965 330 1002 extrema
359 963 381 1016 ξ
409 967 431 1004 9
459 966 559 1002 sunt
587 964 803 1002 enuntiata
832 963 1044 1012 examin03
1074 965 1201 1014 atque
1230 965 1374 1002 orator
1394 961 1565 1013 quidem
1592 972 1688 1011 pro-

144 1040 352 1091 pinquum
388 1054 524 1093 neque
561 1042 725 1082 exulem
761 1054 838 1081 nec
873 1043 971 1092 post
996 1040 1180 1080 reditum
1217 1040 1447 1092 quidquam
1484 1040 1527 1078 in
1555 1050 1689 1089 popu·

147 1117 233 1157 lum
262 1119 521 1159 commisisse
550 1120 672 1170 dicit;
708 1119 833 1159 etiam
861 1132 909 1159 eo
945 1119 1114 1159 virtutis
1151 1119 1393 1170 pervenisse
1429 1122 1477 1158 ut
1511 1117 1601 1163 τοὺς
1635 1117 1690 1162 εἰς

142 1193 243 1247 ὑμᾶς
257 1193 532 1248 ἡμαρτηκότας
548 1198 706 1237 maiore
720 1197 879 1237 invidia
895 1210 1020 1248 quam
1036 1196 1126 1243 τοὺς
1143 1195 1251 1249 αὑτῷ
1264 1197 1334 1249 τῆς
1349 1195 1521 1237 καὲςόδου
1542 1197 1687 1241 αἰτίους

146 1277 424 1326 γεγενημένους
453 1275 589 1326 gratia
617 1274 814 1314 affecerit.
842 1287 934 1314 meo
967 1274 1138 1325 quidem
1165 1274 1324 1314 iudicio
1347 1274 1562 1313 enuntiata
1582 1285 1689 1324 quac

146 1355 244 1395 sunt
271 1354 420 1400 αἴτιος.
439 1386 446 1394 .
468 1386 475 1394 .
497 1355 699 1406 γεγένηται
728 1356 770 1393 et
798 1350 898 1395 ὥστε
916 1386 922 1393 .
942 1386 949 1393 .
969 1386 976 1394 .
995 1353 1194 1407 ἐχαρίζετο
1224 1353 1335 1394 inter
1354 1365 1398 1392 se
1417 1353 1690 1404 opponuntur

145 1433 193 1468 ut
222 1443 328 1480 quae
357 1433 488 1471 sensit
518 1446 709 1484 quaeque
728 1434 861 1485 gessit
888 1433 1034 1472 eodem
1054 1437 1246 1483 tempore
1266 1432 1501 1484 Diognetus
1530 1430 1688 1468 intelle·

152 1508 289 1557 gatur.
344 1507 459 1557 quod
487 1509 655 1559 quando
685 1508 844 1548 factum
873 1509 940 1558 sit,
970 1509 1108 1549 elucet
1136 1522 1187 1548 ex
1207 1508 1347 1548 verbis
1376 1510 1442 1549 καὶ
1472 1505 1592 1561 ἀρχὴν
1622 1507 1690 1558 μὲν

152 1580 335 1635 οὐδεμίαν
362 1579 476 1636 ἦρξεν
505 1586 542 1626 ἐν
563 1588 612 1640 τῇ
643 1583 854 1641 ὀλιγαρχίᾳ.
884 1599 935 1626 ex
964 1599 1011 1626 eo
1041 1586 1172 1638 igitur
1200 1586 1480 1639 cognoscitur,
1508 1584 1691 1636 Diogne-

144 1664 231 1700 tum
254 1662 291 1703 ἐν
312 1664 362 1716 τῇ
386 1659 586 1716 ὀλιγαρχία
606 1677 691 1703 non
710 1665 836 1703 modo
865 1664 1043 1704 Athenis
1064 1667 1276 1704 versatum
1297 1675 1386 1703 esse
1405 1674 1541 1713 neque
1570 1660 1690 1712 quid-

146 1752 271 1789 quam
300 1740 343 1778 in
379 1741 583 1791 populum
613 1742 865 1791 peccavisse,
905 1741 979 1780 sed
1017 1741 1142 1780 etiam
1177 1744 1421 1780 revocatum
1451 1752 1558 1788 esse3
1593 1751 1691 1778 nam

146 1813 182 1857 οἱ
211 1813 317 1869 αὐτῷ
344 1819 414 1871 τῆς
442 1817 615 1859 καθόδου
644 1820 762 1859 αἴτιοι
781 1819 1029 1870 γεγενημένοι
1058 1823 1157 1859 sunt
1184 1818 1312 1858 iidem
1333 1818 1404 1870 qui
1436 1816 1474 1859 οἱ
1504 1819 1558 1864 εἰς
1588 1816 1690 1869 ὑμᾶς

148 1891 428 1946 ἡμαρτηκότες.
461 1893 483 1947 ἦ
508 1892 707 1949 ὀλιγαρχία
727 1900 867 1936 autem
896 1900 969 1936 aut
990 1897 1396 1948 quadringentorum
1418 1900 1490 1936 aut
1516 1896 1693 1948 triginta

146 1972 333 2012 virorum
370 1986 459 2012 esse
496 1977 656 2024 potest;
692 1987 828 2025 neque
863 1975 973 2013 enim
1010 1987 1265 2027 quamquam
1312 1974 1536 2025 optimates
1583 1974 1692 2012 inter

146 2062 277 2089 annos
307 2052 513 2091 411—404
541 2065 626 2091 rem
657 2052 872 2103 publicam
902 2051 1078 2091 liberam
1108 2057 1297 2092 evertere
1327 2052 1575 2100 studebant,
1611 2050 1692 2089 hoc

145 2128 348 2178 temporis
379 2129 515 2180 spatio
545 2129 631 2180 τὴν
662 2126 880 2183 ὀλιγαρχίαν
910 2129 1037 2169 fuisse
1065 2134 1205 2181 potest
1235 2131 1329 2170 dici.
1360 2131 1427 2182 (cf.
1456 2130 1507 2169 de
1536 2128 1560 2181 ἡ
1591 2126 1690 2180 ὀλιγ-

145 2209 263 2259 αρχία
292 2212 333 2247 et
362 2205 562 2260 ὀλιγαρχία
596 2207 938 2261 Frohbcrgerum
974 2210 1026 2248 ad
1056 2209 1172 2249 XXV
1202 2210 1224 2262 ξ
1256 2210 1311 2261 7);
1351 2216 1392 2250 ct.
1431 2210 1573 2261 Lysias
1601 2211 1692 2261 ipse

146 2283 254 2323 dixit
283 2297 357 2336 per
386 2285 588 2335 temporis
618 2286 799 2336 spatium
828 2286 938 2325 inter
973 2299 1160 2339 pugnam
1198 2287 1387 2327 navalem
1424 2288 1690 2327 commissam

145 2366 186 2401 et
222 2362 399 2413 triginta
436 2363 547 2401 viros
587 2363 839 2402 constitutos
877 2365 1145 2404 interiectum
1182 2368 1448 2417 δημοκρατίαν
1487 2366 1542 2406 ἔτι
1581 2365 1688 2406 εἶναι.

145 2439 211 2490 (cf.
240 2440 320 2480 XII
348 2441 371 2493 ξ
399 2442 477 2493 43).
531 2446 657 2495 atque
693 2442 794 2481 mihi
832 2442 1000 2494 quidem
1037 2440 1062 2494 ἦ
1101 2441 1302 2496 ὀλιγαρχία
1336 2444 1483 2483 melius
1524 2444 1690 2484 definiri

144 2531 267 2568 posse
295 2519 482 2568 videtur,
512 2526 654 2558 orator
683 2520 792 2559 enim
823 2534 951 2571 quum
979 2522 1118 2560 verbis
1148 2523 1213 2561 καὶ
1243 2519 1363 2574 ἀρχὴν
1401 2523 1469 2572 μὲν
1505 2519 1689 2573 οὐδεμίαν

142 2592 254 2648 ἧρξεν
291 2598 327 2637 ἐν
365 2600 413 2651 τῇ
452 2594 651 2652 ὀλιγαρχίᾳ
686 2598 806 2637 factis
844 2598 1013 2638 doceret
1052 2599 1301 2638 Pausaniam
1331 2600 1402 2651 qui
1440 2605 1486 2638 ut
1515 2600 1689 2652 triginta

142 2675 254 2714 viros
283 2675 501 2715 adiuvaret
530 2675 567 2728 (ξ
596 2677 645 2716 12
665 2675 713 2717 τὰ
733 2676 801 2728 μὲν
830 2675 934 2728 παρὰ
962 2679 1034 2718 τῶν
1060 2677 1269 2729 τριάκοντα
1290 2678 1394 2726 ξένια
1423 2675 1494 2719 οὐκ
1519 2675 1688 2729 ἦὲέλησε

143 2755 285 2806 λαβεῖν)
321 2754 516 2803 venisset,
551 2755 760 2807 Diogneto
799 2759 970 2795 auctore
1004 2756 1208 2806 populum
1243 2755 1458 2806 fovisse&
1490 2754 1689 2809 ὀλιγαρχία

143 2833 257 2870 nulla
299 2844 386 2871 esse
423 2836 564 2882 potest
592 2832 674 2872 nisi
700 2833 877 2885 triginta
919 2834 1116 2873 virorum.
1182 2846 1289 2884 quae
1321 2847 1449 2884 quum
1492 2835 1551 2872 ita
1593 2834 1688 2883 sint,

144 2910 379 2962 Diognetus
410 2922 518 2948 anno
547 2911 625 2949 404
652 2911 694 2949 in
725 2912 872 2952 urbem
899 2912 1073 2952 rediisse
1102 2912 1314 2963 putandus
1345 2917 1425 2950 ost:
1456 2911 1527 2950 sed
1558 2924 1687 2963 quum
