1895 3322
957 120 1019 168 48

220 252 350 305 gestis
378 251 581 292 certiores
610 250 712 291 facti
740 252 848 290 sunt.
878 262 985 300 quae
1007 261 1136 300 quum
1155 248 1214 289 ita
1242 247 1338 297 sint,
1356 246 1620 288 enuntiatum
1649 246 1763 298 δῆλον

219 330 291 384 γάρ
375 332 566 382 τιμᾶσθαι
593 340 678 368 non
706 327 896 379 intellegi
923 339 1047 378 posse
1076 324 1271 378 equidem
1299 326 1461 377 opinor.

324 460 384 500 Et
422 459 621 511 quoniam
657 456 710 497 de
745 457 795 510 ἓξ
825 457 975 501 13--19
1009 469 1137 507 supra
1172 455 1304 495 fusius
1333 455 1558 510 disputavi,
1595 453 1763 505 inquiro

221 541 452 579 extremam
501 536 704 577 orationis
753 539 928 586 partem.
990 538 1132 586 potest
1180 537 1318 575 autem
1362 534 1570 586 quispiam
1616 537 1765 585 putare

221 615 316 665 §20
344 617 386 654 et
413 614 506 665 §17
533 612 647 652 idem
676 612 772 661 dici,
800 615 847 651 ut
875 616 916 651 et
952 611 999 653 τὰ
1028 609 1104 652 ὑπὸ
1131 611 1276 652 τούτων
1314 609 1560 662 δημευόμενα
1591 613 1636 650 'et
1663 623 1769 661 quae

221 691 244 745 ξ
276 693 323 731 17
357 690 536 744 legimus
572 689 790 743 vulgarem
826 702 994 730 sensum
1021 687 1177 729 habere
1214 688 1447 730 videantur.
1503 687 1618 740 quod
1648 687 1683 728 si
1709 687 1770 728 ita

224 771 343 818 esset,
388 767 664 816 enuntiatum,
720 766 833 817 quod
881 769 1117 805 extremum
1163 769 1225 804 est
1267 766 1290 818 ξ
1323 767 1385 815 20,
1428 778 1514 805 non
1554 765 1769 817 intellege-

223 849 354 887 retur.
410 859 508 886 nam
535 842 674 896 αὐτῶν,
707 857 813 895 quae
839 844 901 883 rei
928 843 1158 895 possident,
1194 844 1381 894 pertinet
1416 843 1469 883 ad
1503 842 1550 884 τὰ
1580 841 1653 884 ὑπὸ
1681 842 1770 884 τού-

224 937 299 964 των
329 921 592 975 δημευόμενα,
623 934 731 973 quae
772 924 814 961 et
851 934 875 960 a
903 921 1162 977 delatoribus
1198 921 1325 961 condi
1360 924 1402 961 et
1429 920 1601 960 minimo
1630 920 1773 960 venire

222 1002 366 1040 orator
403 999 518 1039 dicit.
575 1000 720 1050 itaque
753 1000 826 1038 illa
860 1000 1077 1040 enuntiata
1104 1000 1165 1040 ita
1191 998 1464 1051 intelligenda
1495 1001 1603 1047 sunt,
1631 1001 1679 1037 ut
1706 997 1791 1044 di->

225 1090 383 1127 camuS‚
411 1090 520 1129 quae
547 1076 570 1130 ξ
591 1078 641 1117 17
661 1078 942 1128 exponuntur,
961 1076 1179 1130 vulgarem
1198 1076 1353 1117 habere
1372 1075 1635 1125 sententiam,
1664 1087 1770 1126 quae

225 1156 320 1208 §20
347 1155 559 1208 leguntur,
587 1154 641 1194 ad
670 1167 769 1206 opes
798 1155 981 1195 filiorum
1009 1156 1207 1195 Euoratis
1235 1155 1459 1207 pertinere.
1507 1167 1614 1206 quae
1642 1168 1770 1205 quum

223 1235 284 1274 ita
313 1234 409 1283 sint,
451 1232 500 1274 τὰ
534 1232 784 1285 δημευόμενα
810 1234 1176 1285 interpretandum
1213 1233 1335 1273 nobis
1374 1236 1455 1283 est,
1492 1246 1539 1273 ea
1573 1233 1697 1283 bona,
1736 1233 1770 1272 si

223 1310 568 1362 publicabuntur,
596 1311 736 1372 vobisv
758 1311 984 1363 (iudicibus
1020 1312 1058 1351 h.
1096 1325 1129 1352 e.
1171 1312 1345 1364 populo)
1397 1312 1555 1352 nullam
1597 1310 1771 1353 afferent

227 1389 468 1429 utilitatem.

329 1520 392 1559 De
419 1519 616 1560 universa
641 1520 844 1570 oratione,
864 1519 915 1559 de
936 1532 1019 1570 qua
1039 1519 1234 1570 diximus,
1263 1520 1378 1560 varia
1397 1520 1588 1560 fecerunt
1615 1520 1772 1560 iudicia

226 1597 308 1638 viri
347 1596 475 1647 docti,
513 1599 555 1637 et
590 1596 871 1637 Hoelsoherus
911 1597 1081 1649 quidem
1109 1599 1397 1649 δευτερολογίαν
1426 1611 1516 1638 esse
1550 1598 1772 1649 iudicavit3

227 1675 301 1716 sed
330 1675 440 1715 hano
459 1674 709 1715 sententiam
726 1674 922 1725 improbo
950 1675 1147 1726 primum,
1177 1675 1290 1726 quod
1319 1678 1461 1715 orator
1491 1676 1581 1727 ipse
1620 1677 1773 1717 oratio-

228 1766 323 1792 nem
343 1752 506 1801 habuit,
536 1752 695 1803 quippe
717 1764 847 1802 quum
867 1752 998 1802 ipsius
1026 1753 1255 1803 plurimum
1283 1753 1484 1792 interesse
1513 1754 1696 1805 deberet,
1727 1757 1774 1794 ut

229 1832 338 1871 hanc
360 1842 528 1870 oausam
550 1830 775 1879 obtineret,
805 1820 972 1881 deindeJ
997 1844 1124 1882 quum
1146 1831 1452 1872 triearchorum
1480 1844 1651 1871 munere
1680 1831 1769 1870 fun-

228 1912 413 1961 geretur,
450 1909 488 1948 ei
522 1908 680 1948 licebat
716 1908 854 1948 forum
889 1909 1108 1961 attingere.
1171 1910 1284 1960 quod
1317 1912 1457 1949 autem
1493 1909 1771 1948 Hoelsoherus

229 1987 339 2028 dixit
367 1986 608 2028 testimonia
644 1986 806 2037 deesse,
846 1990 993 2027 contra
1022 1987 1247 2027 dicendum
1276 1991 1357 2037 est,
1392 1987 1495 2027 haee
1524 1988 1567 2027 in
1595 1987 1770 2038 „proba-

228 2065 381 2113 tione“,
424 2076 532 2116 quae
568 2065 737 2116 perdita
773 2068 856 2116 est,
897 2066 1024 2106 allata
1064 2065 1203 2106 fuisse.
1260 2069 1387 2117 atque
1422 2066 1456 2104 si
1495 2065 1599 2106 haee
1637 2066 1771 2105 oratio

229 2147 340 2184 esset
368 2147 652 2196 δευτερολογία,
684 2145 776 2196 quis
806 2147 1067 2197 πρωτολογίαν
1095 2144 1274 2186 habuit?
1310 2158 1446 2196 neque
1474 2145 1584 2185 enim
1613 2144 1664 2183 de
1692 2143 1771 2183 fra-

227 2225 293 2262 tre
321 2224 467 2272 potest
495 2222 696 2274 cogitare,
727 2237 855 2274 quum
875 2224 1013 2264 minor
1033 2227 1177 2264 natum
1206 2223 1350 2273 fuerit;
1381 2223 1494 2275 quod
1523 2222 1694 2274 quidem
1722 2236 1773 2262 ex

229 2312 277 2339 eo
307 2299 510 2350 sequitur,
540 2300 655 2351 quod
684 2299 777 2352 §21
797 2300 970 2341 fratrem
998 2305 1096 2353 post
1124 2315 1168 2342 se
1187 2302 1325 2352 ipsum
1354 2304 1498 2341 orator
1525 2300 1770 2341 nominavit.

229 2380 271 2439 et
299 2377 473 2417 omnino
502 2377 674 2418 maioris
710 2381 812 2418 natu
847 2378 924 2419 filii
959 2379 1155 2419 Eueratis
1194 2378 1419 2430 oportebat
1446 2378 1619 2418 maximi
1647 2378 1773 2418 inter-

229 2468 330 2505 esse,
367 2468 457 2495 rem
493 2454 625 2506 ipsius
662 2455 885 2495 defendere
924 2460 965 2496 et
1006 2439 1186 2507 primam
1221 2456 1286 2496 vel
1320 2455 1505 2507 priorem
1540 2456 1774 2496 orationem

229 2534 398 2573 habere.
444 2532 498 2572 ad
525 2533 607 2573 hoe
636 2533 801 2595 aceedit
822 2535 934 2585 quod
963 2538 1106 2575 orator
1134 2537 1225 2586 ipse
1245 2534 1456 2585 professus
1486 2537 1560 2583 est,
1591 2548 1634 2574 se
1662 2535 1773 2574 nolle

230 2623 460 2664 synegoros
507 2611 744 2663 producere
790 2612 827 2666 (ξ
869 2614 949 2665 24).
1016 2612 1128 2654 idem
1177 2616 1324 2654 contra
1375 2611 1570 2652 Falkium
1584 2612 1644 2664 ⁵⁰)
1690 2611 1774 2652 dici

228 2693 382 2742 potest,
412 2690 482 2731 oui
513 2691 649 2732 oratio
678 2691 797 2743 prior
824 2704 848 2730 a
874 2692 1088 2746 Diogneto
1117 2692 1263 2733 habita
1289 2691 1477 2741 videtur3
1505 2703 1642 2743 neque
1668 2691 1773 2731 illud

226 2771 433 2823 probasse
460 2771 644 2822 videtur,
673 2773 782 2812 hanc
812 2772 1048 2813 orationem
1079 2772 1255 2823 ἐπίλογον
1283 2784 1384 2821 esse,
1412 2784 1497 2811 non
1524 2771 1772 2813 mutilatam.

339 2932 400 2983 ⁵⁰)
429 2930 511 2971 Die
537 2930 684 2971 Reden
713 2929 786 2969 des
813 2928 960 2983 Lysias
984 2929 1200 2970 iibersetzt
1220 2929 1305 2969 und
1327 2929 1529 2969 erliiutert
1556 2941 1597 2980 p.
1619 2930 1706 2970 210.
