1895 3322
929 137 992 186 26

187 262 367 312 triginta
387 260 467 300 viri
486 279 642 318 magna
670 266 715 305 in
745 266 857 305 cives
879 266 1108 305 utebantur
1127 262 1390 314 crudelitate,
1415 264 1614 305 incidisse
1641 268 1740 305 sunt

186 338 424 381 iudicanda.
478 342 551 383 sed
578 344 631 383 ad
660 356 752 384 eam
783 343 1034 383 sententiam
1068 355 1204 395 pauca
1239 342 1363 382 nobis
1391 341 1588 389 addenda
1616 346 1735 394 sunt3

188 420 332 456 orator
387 419 498 459 enim
554 419 658 458 dicit
711 416 790 470 ἤδη
843 420 1100 470 γεγενημένης
1144 420 1215 471 τῆς
1258 421 1481 466 τελευταίας
1524 422 1739 474 ναυμαχίας

188 496 393 547 populum
414 497 663 550 cognovisse
685 511 767 549 quo
796 497 846 537 in·
861 498 972 537 cives
993 497 1142 538 fuisset
1160 497 1299 537 animo
1319 497 1539 539 Eucrates.
1593 501 1737 539 tenen-

187 573 287 612 dum
316 574 448 626 igitur
477 579 551 624 cst,
579 575 809 615 Eum-atem
837 575 1044 615 beneficia
1073 576 1116 614 in
1144 575 1352 627 populum
1380 576 1608 616 contulisse
1636 576 1735 615 ilico

188 650 308 689 clade
350 656 525 703 accepta
566 657 694 704 atque
736 657 832 693 ante
873 653 1126 692 constitutos
1175 658 1345 704 quoque
1388 652 1567 704 triginta
1611 652 1737 692 viros.

189 727 239 765 cf.
279 728 301 780 ξ
330 731 355 767 4
388 727 584 782 ᾑρημένος
617 732 684 772 καὶ
719 730 1063 783 παρακαλούμενος
1098 731 1275 783 μετέχειν
1310 732 1382 784 τῆς
1415 728 1636 784 ὀλιγαρχίας
1662 728 1738 772 ὕπὸ

188 806 274 846 τῶν
304 806 713 860 ἐπιβουλευόντων
742 800 806 861 τῷ
831 808 1027 862 πλήξει,
1058 805 1128 851 οὐκ
1156 805 1345 862 ἠθέλησεν
1373 807 1505 856 αὐτοῖς
1530 810 1739 851 nemesim

189 881 280 930 κτὲς
311 887 352 923 et
379 885 508 924 animi
545 887 709 937 patriae
747 888 925 926 amantis
955 887 1034 926 suit
1062 899 1145 925 non
1180 886 1306 926 modo
1341 890 1520 926 mortem
1548 886 1738 926 volunta-

190 961 297 1001 riam
334 964 585 1004 occumbere
621 979 768 1004 verum
805 966 943 1015 etiam,
980 964 1024 1004 id
1061 964 1175 1016 quod
1213 979 1264 1004 ex
1299 968 1435 1004 morte
1470 964 1743 1016 intellegitur,

191 1051 285 1077 cum
325 1041 621 1091 optimatibus,
659 1044 732 1093 qui
766 1042 935 1082 foedere
973 1055 1068 1081 cum
1105 1042 1427 1081 Lacedamoniis
1464 1042 1548 1082 icto
1578 1042 1742 1082 civitati

189 1122 443 1168 praeessent,
462 1132 527 1158 res
551 1133 790 1159 communes
819 1121 974 1160 habere
996 1112 1126 1169 nolle3
1144 1120 1226 1159 hoc
1250 1120 1388 1159 animo
1414 1124 1553 1160 autem
1581 1120 1739 1159 Euora-

190 1198 275 1234 tem
304 1194 431 1234 fuisse
459 1210 511 1235 ne
540 1197 620 1247 ipsi
651 1197 822 1248 quidem
849 1197 1010 1236 inimici
1037 1210 1191 1249 negare
1218 1200 1459 1249 potuerunt.

299 1314 435 1363 Quum
464 1313 596 1365 igitur
624 1327 761 1365 neque
789 1314 867 1353 hac
896 1313 1088 1353 oratione
1117 1327 1254 1366 neque
1283 1313 1376 1354 aliis
1406 1313 1575 1354 aliunde
1595 1313 1739 1366 petitis

190 1392 315 1431 rebus
345 1391 521 1432 definire
552 1405 659 1442 quae
688 1390 846 1431 fuerint
881 1391 932 1432 τὰ
959 1392 1254 1443 παρεληλυὲότα
1286 1406 1421 1445 neque
1460 1407 1567 1444 quac
1595 1393 1741 1433 eodem

192 1475 383 1521 tempore
413 1475 455 1510 et
482 1484 558 1522 per
586 1471 720 1510 scelus
751 1470 973 1510 commissa
1002 1470 1067 1522 (ἐξ
1096 1471 1157 1520 18,
1187 1472 1248 1523 19)
1287 1475 1328 1510 et
1356 1471 1461 1512 bene
1488 1475 1608 1524 gesta
1635 1472 1674 1524 (ξ
1701 1471 1741 1523 4)

191 1549 336 1588 eadem
370 1549 505 1587 oratio
536 1552 851 1597 commemorat,
887 1549 998 1588 inter
1035 1562 1078 1587 se
1107 1549 1363 1601 coniungere
1391 1550 1612 1601 possimus,
1647 1549 1742 1589 ideo

191 1627 234 1664 in
266 1626 577 1665 dubitationem
609 1627 800 1665 vocanda
828 1626 931 1664 mihi
959 1626 1157 1665 videntur
1186 1640 1271 1665 non
1298 1627 1424 1666 modo
1446 1639 1745 1666 commemora-

188 1704 247 1743 tio
277 1718 417 1744 rerum
448 1705 500 1745 ab
531 1705 715 1744 Eucrate
744 1707 956 1755 gestarum
980 1717 1182 1745 causaeve
1210 1705 1283 1744 sed
1304 1704 1432 1744 etiam
1465 1715 1573 1755 quae
1602 1704 1740 1744 Schei-

189 1782 283 1821 bius
312 1783 390 1821 hac
420 1782 472 1821 de
500 1796 544 1822 re
574 1782 820 1833 disputavit.
877 1782 992 1832 quod
1020 1785 1161 1821 autem
1188 1782 1257 1821 hic
1288 1781 1405 1831 dicit,
1434 1794 1503 1820 eos
1536 1782 1608 1832 qui
1636 1781 1742 1833 olig-

189 1860 356 1898 arehiae
394 1860 614 1898 studerent
655 1872 738 1897 non
781 1860 908 1898 fuisse
952 1860 1249 1899 adhortaturos
1278 1859 1518 1908 Eucratem,
1554 1859 1588 1897 si
1622 1859 1742 1897 illum

187 1940 327 1986 partes
370 1937 595 1992 populares
636 1950 721 1976 non
749 1937 868 1988 sequi
896 1936 1174 1989 ignorassent,
1215 1935 1296 1975 hoc
1326 1933 1511 1987 quidem,
1555 1935 1742 1986 inquam,

188 2018 302 2053 recte
341 2014 502 2052 dictum
539 2014 717 2053 videtur.
779 2028 916 2065 neque
953 2027 1050 2053 vero
1093 2019 1318 2064 propterea
1366 2017 1430 2052 est
1471 2013 1741 2053 statuendum

192 2091 350 2131 crimen
388 2092 527 2132 laesae
565 2092 815 2141 maiestatis3
856 2105 951 2131 nam
982 2091 1062 2131 hoc
1096 2091 1230 2131 scelus
1266 2093 1363 2130 ante
1400 2090 1513 2129 illam
1554 2103 1740 2142 pugnam

191 2171 389 2210 navalem
417 2171 526 2209 male
563 2171 715 2209 saetam
746 2170 1016 2209 commissum
1044 2182 1134 2208 esse
1162 2169 1283 2208 nobis
1314 2172 1376 2208 est
1404 2169 1672 2219 credendum,
1701 2172 1743 2208 et

190 2261 280 2287 eam
313 2247 484 2298 quidem
514 2247 755 2298 opinionem
786 2260 914 2298 supra
941 2247 1143 2287 refellisse
1171 2245 1327 2286 videor.

293 2364 384 2404 Hoc
416 2365 510 2404 loco
539 2364 681 2405 dicere
710 2365 812 2404 mihi
841 2365 977 2414 liceat,
1006 2365 1118 2404 inter
1145 2364 1404 2416 Diognetum
1432 2367 1473 2403 et
1492 2363 1741 2403 Pausaniam

189 2444 419 2483 amicitiam
448 2443 587 2491 fuisse,
617 2456 699 2482 non
729 2456 820 2482 eam
849 2457 932 2494 qua
952 2443 1098 2483 Niciae
1126 2456 1229 2494 gens
1251 2455 1346 2481 cum
1374 2441 1592 2492 republica
1612 2441 1740 2481 Lace—

189 2522 507 2562 daemoniorum
529 2522 671 2562 iuncta
691 2526 791 2562 erat.
823 2535 873 2561 cx
895 2535 977 2572 quo
1001 2520 1220 2561 Scheibius
1242 2518 1354 2559 haud
1375 2523 1488 2559 recte
1509 2519 1741 2559 coniecisse

189 2600 368 2650 videtur,
403 2601 634 2640 Eucratem
670 2614 693 2640 a
729 2601 920 2651 partibus
957 2598 1405 2639 Lacedaemoniorum¹
1427 2597 1608 2647 stetisse;
1645 2610 1742 2636 nam

189 2679 271 2718 civi
300 2680 465 2719 alienae
503 2679 763 2729 reipublicae
791 2678 893 2718 civis
931 2678 1090 2717 amicus
1127 2690 1215 2716 esse
1256 2679 1398 2726 potest
1432 2675 1595 2715 etiamsi
1631 2675 1741 2714 illius

190 2758 373 2797 civitatis
412 2757 822 2797 administrationem
859 2770 943 2795 non
971 2756 1144 2807 probat3
1181 2755 1379 2806 idemque
1408 2753 1492 2793 dici
1522 2756 1664 2804 potest
1692 2754 1744 2793 de

189 2849 237 2875 eo
268 2836 341 2887 qui
369 2835 553 2887 πρόξενος
582 2835 741 2875 alienae
771 2834 955 2874 civitatis
986 2837 1059 2873 est.

295 2939 496 2990 Sequitur
526 2943 573 2979 ut
609 2939 754 2992 paucis
785 2940 1033 2988 examinem,
1062 2950 1193 2994 quare
1221 2936 1379 2976 factum
1417 2950 1505 2976 esse
1532 2934 1743 2979 Francke-
