1895 3322
910 171 975 221 24

166 300 264 349 post
305 299 468 340 cladem
510 303 729 351 acceptam
771 300 959 352 quinque
1000 301 1181 352 ephoros
1222 302 1475 344 constitutos
1518 318 1607 344 esse
1643 306 1716 357 qui

162 376 245 414 illis
275 377 538 427 temporibus
567 377 845 430 fungerentur
872 379 923 418 iis
951 379 1196 419 muneribus
1241 383 1285 419 ut
1314 380 1523 433 quidquid
1559 383 1716 423 vellent

124 438 127 442 ’
163 451 338 503 impune
372 457 559 505 agerent.
614 451 750 506 οὕτως,
787 455 929 507 inquit
968 455 1136 508 Lysias,
1166 453 1237 509 οὐχ
1277 453 1353 498 ὑπὸ
1399 460 1473 500 τῶν
1520 459 1715 510 πολεμίων

164 527 279 580 μόνον
307 526 407 570 ἀλλὰ
444 533 511 572 καὶ
538 530 615 573 ὑπὸ
651 532 797 574 τούτων
832 536 997 574 πολιτῶν
1036 530 1152 574 ὅντων
1186 534 1575 587 ἐπεβουλεύεσθε
1610 532 1716 582 ὅπως

166 611 258 661 μητ’
296 606 444 661 ἀγαὲτὸν
473 610 594 660 μηδὲν
629 612 848 662 ψηφιεῐσὲε
882 613 1031 652 πολλῶν
1058 613 1092 651 τ’
1122 611 1266 659 ἐνδεεῖς
1295 612 1445 654 ἔσεσθε.
1502 616 1544 653 et
1570 613 1613 652 in
1642 613 1665 665 ξ
1694 614 1717 652 6

167 686 372 725 orationis
393 686 495 727 XIII
522 687 561 727 ἐν
590 689 634 728 δὲ
662 691 719 739 τῷ
751 687 878 740 χρόνῳ
916 687 1064 741 τούτῳ,
1095 689 1235 739 inquit
1269 689 1402 739 idem,
1439 688 1475 730 οἱ
1512 690 1717 743 βουλόμεοι

165 762 332 815 νεώτερα
351 760 562 816 πράγματα
581 763 619 805 ἐν
647 765 697 817 τῇ
727 762 837 805 πόλει
856 764 1056 815 γίγνεσθαι
1083 764 1409 819 ἐπεβούλευον.
1448 765 1502 805 ad
1522 765 1603 805 hoc
1630 765 1714 818 igi-

168 844 239 881 tur
266 841 539 893 optimatium
574 842 763 882 studium
799 842 889 882 sine
922 843 1008 881 ulla
1044 842 1310 882 dubitatione
1344 844 1474 883 verba
1501 843 1718 895 pertinent

164 922 269 963 haec
298 923 373 974 (or.
401 920 543 963 XVIII
571 919 594 972 ξ
623 920 663 973 4)
683 920 764 961 ’τῶν
795 917 1119 972 ἐπιβουλευόντων
1147 921 1204 971 τῷ
1230 918 1383 972 πλήθει.

271 1027 403 1067 Porro
434 1024 655 1067 Scheibius
685 1023 806 1073 dixit,
833 1023 916 1062 illis
945 1023 1209 1075 temporibus
1248 1024 1349 1075 „qui
1378 1036 1611 1075 paucorum
1641 1022 1715 1063 do·

168 1104 443 1145 minationem
477 1102 748 1143 affectarent“
783 1114 854 1141 eos
891 1114 1020 1151 quum
1058 1100 1162 1140 alios
1198 1103 1289 1141 tum
1325 1101 1556 1141 Eucratem
1584 1101 1716 1151 „invi-

168 1185 280 1222 tasse
315 1184 363 1221 ut
398 1180 550 1220 summi
584 1179 752 1230 imperii
787 1179 948 1218 honore
983 1190 1125 1218 secum
1164 1182 1399 1230 uteretur“;
1437 1183 1479 1220 et
1512 1180 1618 1219 illud
1653 1180 1715 1219 in-

169 1259 314 1311 tellegi
343 1261 485 1309 potest
511 1270 597 1296 non
632 1257 759 1296 modo
797 1269 848 1295 ex
886 1255 1011 1295 huius
1053 1257 1257 1296 orationis
1290 1258 1313 1311 §
1341 1260 1368 1297 4
1396 1281 1444 1287 —
1471 1257 1716 1309 παρακαλού-
1772 1308 1776 1313 ⁶

168 1352 284 1388 μενος
303 1337 481 1388 μετέχειν
509 1336 581 1386 τῆς
611 1331 836 1386 ὀλιγαρχίας
859 1330 935 1374 ὕπὸ
963 1335 1037 1374 τῶν
1066 1325 1388 1387 ἐπιβουλευόντων
1416 1338 1473 1388 τῷ
1498 1335 1639 1387 πλήὲῐει
1668 1359 1717 1365 -

168 1428 316 1455 verum
343 1414 471 1454 etiam
490 1426 542 1453 ex
569 1412 592 1465 ξ
616 1412 663 1452 76
691 1410 894 1451 orationis
914 1411 1008 1461 XII,
1039 1411 1110 1450 ubi
1139 1411 1190 1451 de
1218 1411 1396 1464 triginta
1423 1413 1524 1452 viris
1562 1412 1715 1453 consti-

165 1493 268 1532 tutis
306 1492 496 1543 disputat
528 1490 675 1541 Lysias
704 1489 768 1529 his
796 1489 935 1529 verbis
966 1503 1075 1528 usus.
1131 1488 1286 1541 ,,οῧτως
1312 1488 1385 1542 γὰρ
1413 1490 1482 1542 τὴν
1519 1489 1708 1543 ὑμετέραν

170 1567 374 1611 ἀσθένειαν
391 1565 516 1621 ἑώρων
532 1569 599 1609 καὶ
621 1566 690 1618 τὴν
710 1564 834 1608 αὑτῶν
859 1565 1018 1618 δύναμιν
1035 1563 1263 1620 ἠπίσταντο,
1292 1565 1395 1610 ὥστε
1415 1568 1600 1621 πρότερον
1620 1566 1714 1623 ᾔδε-

174 1662 244 1688 σαν
259 1646 308 1688 τὰ
323 1647 511 1699 μέλλοντα
528 1645 566 1686 ἐν
583 1647 632 1700 τῇ
651 1645 841 1699 ἐκκλησίᾳ
854 1644 1194 1698 πραχὲήσεσὲαι.“
1213 1647 1264 1687 de
1280 1647 1432 1699 quibus
1452 1647 1591 1689 verbis
1609 1661 1715 1699 quae

167 1724 561 1776 Frohbergerus²³)
592 1723 832 1774 disputavit
859 1723 1039 1775 legenda
1059 1728 1168 1764 sunt.
1214 1725 1288 1764 sed
1317 1725 1522 1770 Eucrates
1551 1739 1621 1766 eos
1642 1726 1715 1777 qui

169 1816 264 1843 eum
291 1802 533 1842 invitabant
561 1804 609 1841 ut
636 1801 789 1841 summi
817 1801 986 1853 imperii
1013 1801 1174 1841 honore
1193 1814 1335 1842 secum
1363 1806 1553 1843 uteretur
1580 1803 1715 1843 noluit

169 1880 301 1931 sequi,
322 1874 403 1920 'sed
431 1882 574 1931 μᾶλλον
602 1880 727 1920 εἵλετο
755 1879 933 1931 πράττων
963 1877 1059 1931 ὑπὲρ
1081 1883 1150 1931 τῆς
1179 1878 1368 1932 ὖμετέρας
1397 1883 1590 1933 σωτηρίας
1618 1878 1716 1923 ἀπο-

169 1960 306 1999 λέσξται
333 1953 359 2010 ἦ
389 1958 534 1999 ἐπιδεῖν
564 1957 612 1998 τὰ
640 1959 752 2010 τείχη
781 1957 1070 2010 καθαιρούμενα
1182 1959 1249 1999 καὶ
1276 1956 1321 1998 τὸ
1350 1956 1533 2010 ὑμέτερον
1567 1960 1717 2012 πλῆἓος

169 2036 540 2088 καταδουλούμενον.

275 2139 479 2180 Videmus
518 2139 651 2192 igitur
685 2139 915 2188 Eucratem
955 2139 1074 2179 clade
1113 2139 1260 2179 ultima
1298 2144 1474 2191 accepta
1502 2154 1634 2191 usque
1662 2141 1716 2179 ad

171 2223 355 2258 mortem
385 2232 409 2257 a
436 2218 586 2269 populi
614 2218 808 2267 partibus
830 2218 1008 2256 stetisse.
1056 2221 1100 2256 at
1127 2217 1303 2256 fortasse
1324 2217 1480 2256 dixerit
1507 2218 1716 2268 quispiam

171 2297 403 2336 Eucratem
432 2296 484 2335 ab
513 2296 564 2334 iis
595 2294 766 2346 quidem
794 2295 1070 2346 optimatibus
1099 2298 1209 2334 stare
1245 2296 1432 2345 potuisse
1463 2295 1534 2346 qui
1563 2308 1717 2347 magna

173 2377 395 2415 uterentur
440 2372 732 2412 moderatione
775 2373 817 2411 in
858 2372 1036 2423 imperio
1078 2372 1371 2412 nanciscendo.
1438 2385 1574 2423 neque
1614 2385 1715 2412 vero

171 2453 280 2492 sumi
309 2465 434 2503 posse
462 2451 631 2491 videtur
658 2451 750 2500 hoc,
781 2464 909 2501 quum
940 2451 1011 2501 qui
1039 2451 1122 2490 illis
1143 2455 1338 2501 praeerat
1364 2451 1643 2490 Theramenes
1672 2464 1716 2490 se

170 2546 266 2572 cum
293 2529 468 2581 reliquis
504 2529 779 2580 optimatibus
815 2542 955 2568 rerum
992 2542 1197 2569 novarum
1232 2528 1396 2579 cupidis
1433 2528 1716 2569 coniunxerit.

171 2613 317 2662 itaque
348 2620 471 2648 nemo
507 2607 775 2647 Atheniensis
812 2607 989 2647 Eucrati
1026 2612 1174 2658 postea
1218 2607 1386 2646 obicere
1424 2608 1565 2658 potuit
1602 2607 1717 2659 quod

168 2689 242 2728 illa
270 2688 410 2726 aetate
437 2685 618 2736 patriam
647 2683 918 2735 prodidisset.
965 2697 1220 2735 quamquam
1248 2685 1363 2735 quod
1391 2684 1468 2723 filii
1495 2687 1568 2725 τῶν
1596 2699 1715 2735 παρε-

170 2764 391 2818 ληλυὲότων
419 2762 674 2802 mentionem
709 2761 899 2801 fecerunt
933 2761 1039 2800 nihil
1070 2761 1281 2812 reliquum
1319 2765 1392 2810 est,
1427 2761 1509 2800 nisi
1546 2764 1593 2801 ut
1620 2764 1717 2802 ante

169 2858 325 2887 annum
340 2843 419 2883 404
435 2841 666 2881 Eucratem
686 2840 926 2890 peccavisse
945 2839 989 2878 in
1008 2839 1215 2890 populum
1236 2838 1491 2878 credendum
1511 2839 1716 2879 videatur.

277 2975 339 3029 2³)
370 2973 582 3014 orationes
611 2968 764 3021 Lysiae
791 2969 969 3010 selectae
998 2968 1028 3007 Ι.
1057 2981 1097 3021 p,
1129 2969 1188 3007 76.
