1895 3322
917 112 982 160 40

274 243 478 293 Sequitur
497 245 545 282 ut
564 242 616 281 de
645 242 694 295 ἓξ
716 223 842 281 9-12
873 255 1091 292 quaeram5
1122 243 1275 293 quibus
1295 242 1572 294 paragraphis
1594 255 1723 293 quum

171 321 223 361 de
253 321 466 373 Diogneto
494 320 630 360 multa
657 320 824 372 prolata
853 320 949 369 sint,
976 320 1207 361 videndum
1237 325 1311 371 est,
1348 320 1451 372 quid
1484 320 1535 361 de
1562 333 1611 361 eo
1638 333 1722 361 me-

168 400 328 439 moriae
355 398 574 449 proditum
603 399 669 437 sit.

273 502 322 542 In
350 502 585 541 Andocidis
623 503 815 542 oratione
854 504 971 553 ,,περὶ
1001 504 1252 554 μυστηρίωνίζ
1289 502 1524 555 Diognetus
1553 503 1724 554 quidam

168 582 211 620 in
241 593 386 620 eorum
416 594 604 630 numero,
635 582 706 632 qui
737 581 789 621 ad
819 584 1010 620 senatum
1032 580 1341 630 deferebantur,
1372 585 1726 622 commemoratur

169 659 192 710 ξ
226 660 296 708 15,
323 670 468 697 omnes
497 663 638 698 autem
668 660 780 698 cives
802 671 826 698 a
853 659 1016 698 Teucro
1046 659 1176 698 delati
1204 658 1404 711 fugerunt
1431 657 1595 712 (ᾤχοντο
1631 659 1723 711 φεύ-

169 737 316 788 γοντες)
337 749 446 775 anno
467 737 555 776 415.
586 737 642 775 ol.
662 738 723 785 91,
744 738 779 777 1.
810 741 1030 787 praeterea
1060 750 1110 776 ex
1130 737 1203 776 illa
1223 737 1415 777 oratione
1436 738 1725 789 cognovimus,

172 827 256 864 eos,
286 814 359 865 qui
401 813 515 853 illius
545 813 734 853 criminis
777 814 964 853 accusati
1005 812 1205 865 fugerant
1234 828 1370 866 neque
1398 814 1555 854 mortui
1596 817 1726 864 erant,

176 905 307 943 quum
336 891 578 931 Andocides
609 891 845 931 orationem
871 891 1060 941 haberet,
1089 893 1172 931 iam
1191 893 1379 932 rediisse.
1410 892 1460 932 cf.
1480 892 1503 945 ξ
1524 894 1584 933 25.
1613 892 1726 932 hune

169 970 301 1022 igitur
349 969 608 1021 Diognetum
644 971 796 1018 putant
831 967 1024 1006 nonnulli
1060 968 1238 1008 eundem
1281 982 1370 1009 esse
1414 982 1537 1020 quem
1578 968 1725 1020 Lysias

175 1045 614 1094 commemoravit,⁴4)
646 1045 718 1095 qui
746 1045 799 1084 de
828 1057 875 1084 eo
905 1044 1009 1084 haec
1028 1046 1259 1086 memoriae
1281 1046 1487 1097 prodidit:
1515 1046 1724 1097 „Diogne-

174 1129 241 1165 tus
272 1138 296 1164 a
335 1123 597 1164 delatoribus
634 1123 844 1162 calumnia
880 1123 1018 1163 litium
1055 1124 1213 1175 petitus
1253 1127 1316 1164 est
1353 1128 1394 1164 et
1423 1135 1511 1164 sua
1539 1126 1726 1175 sponte

172 1201 269 1241 exul
299 1200 435 1240 factus
471 1202 569 1239 est.“
627 1212 753 1250 quam
781 1199 1135 1251 significationem
1163 1202 1391 1241 verborum
1427 1199 1550 1255 ᾤχετο
1572 1201 1724 1253 φεύγων

170 1279 327 1319 docent
351 1280 483 1318 multa
512 1278 707 1328 exempla
734 1290 786 1316 ex
814 1277 1050 1317 Andocidis
1072 1280 1264 1319 oratione
1290 1281 1379 1330 περὶ
1409 1281 1630 1330 μυστηρίων
1659 1292 1725 1317 su-

172 1357 340 1407 menda,
369 1357 485 1397 velut
513 1356 561 1410 ξξ
591 1356 651 1405 13,
680 1356 742 1405 15,
771 1356 832 1405 34,
860 1356 922 1395 49.
960 1368 1081 1406 „cum
1109 1357 1255 1408 paucis
1285 1360 1438 1407 autem,
1467 1357 1606 1408 inquit
1634 1369 1726 1396 ora-

172 1439 252 1483 tor,
279 1437 352 1475 τῶν
382 1433 691 1474 ἐκπεπτωκότων
719 1445 856 1483 neque
875 1434 972 1472 urbi
992 1434 1150 1473 bellum
1177 1435 1319 1474 intulit
1339 1447 1477 1485 neque
1505 1435 1726 1475 Deceleam

173 1513 404 1564 pervenit.“
462 1511 585 1551 nobis
613 1510 747 1563 igitur
776 1511 1033 1551 credendum
1061 1516 1136 1561 est,
1166 1526 1294 1563 quum
1321 1512 1557 1565 Diognetus
1585 1513 1629 1552 in
1657 1527 1725 1553 ex·

171 1591 290 1630 ilium
318 1591 412 1638 iret,
448 1589 575 1628 etiam
613 1588 851 1639 complures
889 1590 1087 1640 expulsos
1125 1602 1232 1638 esse;
1271 1590 1402 1629 miror
1431 1594 1570 1631 autem
1601 1592 1727 1643 quod,

172 1681 302 1719 quum
338 1670 380 1707 et
415 1667 651 1719 Diognetus
689 1670 731 1706 et
765 1668 919 1718 reliqui
959 1669 1031 1719 qui
1071 1669 1368 1720 mysteriorum
1407 1670 1726 1720 profanatorum

172 1746 359 1785 accusati
388 1747 509 1784 erant
536 1744 579 1783 in
608 1745 780 1784 exilium
807 1746 1094 1786 voluntarium
1120 1747 1308 1796 ivissent,
1337 1747 1408 1798 qui
1442 1748 1612 1798 quidem
1642 1760 1726 1786 non

173 1827 296 1864 antea
325 1823 368 1862 in
397 1823 566 1863 vincula
595 1824 777 1864 coniecti
805 1827 957 1874 essent,
999 1824 1070 1864 alii
1100 1826 1174 1876 qui
1202 1839 1245 1865 se
1275 1838 1370 1865 cum
1398 1825 1469 1865 illo
1500 1825 1728 1865 coniunxe-

172 1908 273 1943 runt
301 1902 466 1954 expulsi
494 1904 605 1949 sunt,
635 1901 850 1952 (ἐξέπεσον)
868 1913 875 1921 ·
894 1901 966 1941 sed
995 1914 1106 1941 nunc
1135 1903 1237 1942 haec
1265 1904 1494 1944 mittamus.

276 2007 344 2045 Ex
385 2005 525 2044 verbis
569 2004 720 2056 Lysiae
757 2006 874 2056 sequi
911 2006 1097 2056 videtur,
1134 2019 1203 2046 eos
1244 2008 1314 2058 qui
1354 2008 1493 2058 capite
1523 2006 1726 2049 deminuti

179 2089 300 2124 erant
329 2082 434 2121 nihil
465 2084 614 2121 contra
642 2082 824 2132 patriam
854 2083 1101 2133 suscepisse.
1148 2085 1292 2135 itaque
1325 2098 1401 2124 nec
1431 2085 1588 2124 bellum
1616 2085 1726 2133 intu-

173 2164 316 2203 lerunt
345 2173 426 2200 nec
456 2159 678 2199 Deceleam
709 2158 887 2209 profecti
918 2163 1027 2210 sunt,
1057 2160 1129 2200 sed
1158 2162 1299 2201 nescio
1331 2175 1413 2213 quo
1435 2164 1726 2212 pervenerunt.

174 2241 271 2278 dico
301 2239 435 2291 igitur
465 2237 660 2277 exulibus
692 2236 811 2276 factis
840 2238 938 2277 ilico
967 2239 1212 2278 facultatem
1242 2241 1383 2279 datam
1413 2253 1501 2278 esse
1530 2243 1601 2278 aut
1630 2252 1725 2278 cum

174 2316 371 2356 hostibus
401 2318 548 2355 contra
584 2314 695 2354 cives
731 2315 951 2368 pugnandi
991 2320 1062 2355 aut
1102 2317 1266 2367 quietos
1296 2330 1339 2356 se
1373 2316 1557 2356 tenendi.
1615 2315 1728 2367 quod

173 2396 205 2434 si
236 2396 258 2447 ξ
290 2396 312 2433 9
340 2396 454 2433 recte
490 2393 793 2443 interpretatus
830 2406 934 2442 sum,
971 2406 1056 2432 non
1084 2396 1225 2444 potest
1253 2393 1439 2444 probari,
1469 2393 1583 2445 quod
1612 2393 1726 2433 Blas-

172 2477 332 2526 sius45)
363 2474 484 2522 dixit,
512 2472 772 2523 Diognetum
802 2485 837 2512 a.
870 2473 946 2511 415
976 2471 1293 2521 profanatorum
1330 2472 1626 2522 mysteriorum
1657 2472 1725 2511 de-

171 2555 304 2594 latum
335 2551 446 2590 ultro
482 2549 660 2601 fugisse3
695 2561 832 2599 neque
862 2549 972 2588 enim
1002 2562 1049 2588 ea
1086 2552 1222 2588 aetate
1244 2549 1422 2589 Decelea
1444 2553 1533 2589 erat
1553 2549 1726 2597 munita,

171 2630 247 2671 sed
277 2632 437 2669 aestate
466 2629 563 2667 anni
594 2630 669 2668 412
698 2628 870 2667 ineunte
900 2628 1079 2667 demum.
1137 2632 1178 2668 et
1208 2630 1408 2680 quoniam
1436 2641 1520 2667 non
1551 2631 1726 2677 constat,

173 2709 246 2749 ubi
284 2721 360 2760 per
394 2707 579 2759 spatium
617 2707 817 2758 temporis
853 2707 963 2747 inter
992 2720 1121 2748 annos
1159 2710 1238 2747 415
1267 2712 1309 2747 et
1345 2709 1421 2747 412
1456 2708 1726 2748 interiectum

174 2788 315 2827 exules
344 2786 498 2826 morati
541 2786 635 2832 sint,
673 2784 945 2823 iudicandum
982 2787 1045 2823 est
1085 2788 1158 2824 aut
1186 2786 1443 2837 Diognetum
1486 2798 1570 2823 non
1601 2797 1726 2824 causa

282 2917 342 2967 44)
373 2916 503 2955 Blass.
533 2927 572 2965 p.
604 2915 689 2954 523.
722 2928 759 2953 n.
792 2915 824 2954 1.
880 2912 1071 2953 Bremius
1100 2928 1139 2965 p.
1173 2916 1256 2953 192.
1287 2938 1334 2943 —-
1367 2916 1427 2965 ⁴⁵)
1456 2927 1493 2964 p.
1525 2915 1610 2955 523.
