1895 3322
923 110 985 159 33

186 239 305 292 sequi
320 239 394 279 sed
407 240 550 291 μᾶλλον
566 239 690 281 εἵλετο
705 237 883 290 πράττων
899 236 994 289 ὑπὲρ
1012 240 1083 290 τῆς
1096 234 1286 288 ὑμετέρας
1304 240 1496 290 σωτηρίας
1510 236 1725 281 ἀπολέσθαι

184 314 374 369 ἢέπιδεῐν
390 315 440 358 τὰ
457 317 570 369 τείχη
585 315 874 368 καθαιρούμενα
889 347 897 355 .
909 347 917 355 .
929 347 937 355 .
949 347 957 355 .
974 313 1038 355 τὸν
1052 315 1176 365 δῆμον
1191 314 1557 367 καταδουλούμενον.
1584 316 1727 367 itaque

187 407 317 445 quum
336 396 481 434 orator
502 392 618 434 dicat
637 393 865 435 Eucratem
887 391 1071 433 noluisse
1092 390 1233 431 videre
1257 404 1398 432 muros
1422 392 1553 433 deleri
1568 395 1611 433 et
1625 393 1726 433 alias

184 484 251 512 res
270 470 362 512 fieri
382 483 485 523 quas
502 470 824 512 Lacedaemonii
842 470 1164 522 imperaverant,
1183 467 1374 519 profecto
1402 469 1651 510 sumendum
1667 469 1726 509 vi-

190 549 327 599 detur,
354 548 473 589 illum
502 561 587 589 non
614 548 794 589 alterum
813 549 968 601 eligere
986 546 1186 599 potuisse,
1213 548 1355 586 utrum
1382 547 1562 588 morian
1581 547 1727 588 urbem

186 624 458 667 munimentis
480 628 690 668 carentem
710 625 865 667 intueri
885 624 1011 665 vellet
1036 622 1119 663 nisi
1139 636 1269 675 quum
1294 624 1429 665 talem.
1450 636 1596 676 pacem
1616 624 1726 665 futu·

187 716 278 743 ram
312 715 402 743 esse
437 702 714 745 Athenienses
750 705 1049 756 cognoverant.
1110 715 1247 753 neque
1280 715 1379 743 vero
1415 703 1497 743 hoc
1537 706 1729 755 apertum

191 795 281 823 esse
319 784 498 833 poterat,
539 782 787 834 priusquam
833 781 1112 822 Theramenes
1164 778 1481 822 Lacedaemone
1521 780 1727 822 rediisset.

191 872 242 899 ex
273 872 356 911 quo
396 859 588 911 sequitur
622 862 670 899 ut
702 858 908 900 Eucrates
946 862 1036 899 tum
1072 857 1240 898 demum
1276 859 1542 910 potissimum
1579 872 1724 900 consu·

188 937 315 978 luerit
342 937 468 979 saluti
496 936 764 990 reipublicae.

289 1054 377 1094 Iam
412 1066 513 1094 vero
551 1054 767 1105 quaeritur
804 1066 930 1106 quam
964 1053 1008 1093 in
1036 1055 1199 1105 partem
1234 1053 1340 1093 illud
1375 1054 1639 1096 enuntiatum
1676 1066 1727 1096 ex

186 1131 377 1172 oratione
404 1130 546 1172 XVIII
574 1131 748 1171 allatum
784 1131 1075 1183 accipiendum
1104 1131 1168 1171 sit.
1224 1131 1408 1172 dubitari
1446 1132 1557 1173 enim
1587 1136 1728 1184 potest

186 1211 328 1250 utrum
356 1212 500 1250 orator
526 1209 754 1250 Eucratem
782 1212 901 1250 ante
927 1222 1068 1250 muros
1098 1209 1257 1249 deletos
1275 1212 1454 1250 mortem
1482 1211 1728 1251 occubuisse

186 1286 328 1337 putari
355 1286 470 1337 velit,
496 1299 550 1326 an
577 1289 674 1327 ante
703 1298 844 1327 muros
872 1285 1030 1326 deletos
1067 1299 1195 1337 quum
1232 1286 1506 1337 optimatibus
1536 1287 1635 1341 ἔργῳ
1661 1288 1728 1328 καὶ

185 1363 289 1417 λόγῳ
327 1363 580 1414 obstitisset,
620 1363 780 1405 invidia
820 1363 1004 1415 odioque
1045 1366 1172 1414 atque
1214 1367 1349 1404 morte
1390 1362 1586 1404 affectum
1626 1377 1729 1414 esse,

188 1454 315 1492 quam
334 1444 516 1483 mortem
533 1445 607 1483 aut
632 1445 758 1483 ante
787 1444 860 1482 aut
886 1454 949 1493 po
962 1444 1009 1482 st
1035 1440 1202 1481 ruinam
1220 1441 1433 1482 moenium
1451 1443 1540 1481 tum
1561 1441 1729 1482 demum

186 1522 388 1571 oppetere
415 1523 570 1571 posset.
623 1532 761 1571 neque
790 1518 954 1560 veroid
983 1518 1057 1559 illo
1086 1519 1303 1559 enuntiato
1324 1519 1413 1559 solo
1442 1520 1657 1561 diudicare
1685 1521 1728 1560 in

186 1596 325 1636 animo
345 1596 479 1636 habeo
498 1595 573 1637 sed
599 1596 806 1636 similibus
826 1596 1053 1636 enuntiatis
1074 1596 1232 1646 allatis;
1253 1609 1302 1637 ea
1328 1600 1469 1637 autem
1494 1598 1539 1638 in
1567 1599 1722 1650 quibus

185 1674 447 1726 ‚‚optativus“
465 1673 633 1727 legitur,
659 1674 776 1715 velut
802 1675 1010 1726 βουλοίμην
1031 1676 1174 1726 μᾶλλον
1194 1676 1267 1714 aut
1287 1670 1443 1727 ἑλοίμην
1470 1676 1615 1727 μᾶλλον
1640 1688 1726 1715 non

187 1751 553 1792 commemoranda
579 1750 787 1801 videntur,
813 1751 887 1791 sed
906 1765 955 1792 ea
973 1751 1155 1802 afferam,
1176 1752 1329 1804 quibus
1355 1752 1608 1794 indicativus
1635 1767 1725 1794 ver-

185 1830 336 1870 borum
375 1827 571 1882 αἱρεῖσθαι
615 1828 682 1870 vel
709 1827 917 1883 βούλεσθαι
962 1829 1203 1870 continetur
1247 1832 1374 1881 atque
1419 1829 1472 1870 de
1524 1843 1570 1871 re
1606 1833 1726 1882 gesta

186 1907 354 1948 dicitur.

289 2024 418 2064 Isocr.
447 2037 508 2064 or.
536 2023 594 2064 IV
623 2023 646 2076 ξ
674 2024 726 2064 53
854 2018 961 2074 ὅμως
988 2018 1192 2075 ᾑρούμεθα
1227 2028 1308 2069 τοῖς
1342 2021 1633 2075 ἀσθενεστέροις
1659 2024 1726 2066 καὶ

183 2100 288 2152 παρὰ
315 2100 359 2141 τὸ
389 2102 588 2153 συμφέρον
616 2103 772 2154 βοηθεῖν
792 2101 935 2150 μᾶλλον
962 2094 987 2149 ἦ
1009 2105 1091 2144 τοῖς
1116 2100 1311 2150 κρείττοσι
1338 2101 1407 2140 τοῦ
1439 2102 1728 2145 λυσιτελοῦντος

187 2178 299 2219 ε”νεκα
325 2181 552 2219 συναδικεῖν.
606 2177 884 2219 Athenienses
914 2189 1168 2228 quamquam
1203 2178 1339 2217 socios
1377 2177 1529 2229 opibus
1566 2177 1724 2228 pollen·

186 2257 249 2295 tes
277 2254 442 2295 firmius
468 2254 673 2307 praebere
698 2253 957 2307 praesidium
985 2266 1070 2294 non
1089 2254 1355 2307 ignorabant,
1383 2257 1521 2295 tamen
1544 2254 1725 2307 quoties-

185 2345 365 2384 cumque
391 2333 436 2372 in
471 2333 696 2372 discrimen
727 2333 955 2373 veniebant
991 2337 1131 2373 utrum
1160 2334 1359 2374 adiuvare
1387 2334 1554 2383 vellent,
1590 2333 1724 2384 genti-

184 2410 263 2450 bus
296 2410 433 2450 minus
468 2409 619 2451 validis
654 2410 985 2462 opitulabantur.
1045 2411 1089 2451 in
1124 2409 1311 2452 eiusdem
1346 2409 1550 2450 orationis
1591 2409 1614 2463 ξ
1651 2409 1726 2449 147

183 2484 202 2530 ὅ
232 2486 410 2542 βασιλεύς
520 2489 663 2541 μᾶλλον
703 2489 829 2530 εἵλετο
862 2491 952 2542 περὶ
985 2488 1074 2536 τοὺς
1105 2488 1220 2536 θεοὺς
1255 2488 1529 2542 ἐξαμαρτάνειν
1565 2484 1591 2541 ἢ
1628 2487 1725 2540 πρὸς

184 2566 353 2613 ἐκείνους
380 2567 424 2607 ἐκ
451 2568 519 2609 τοῦ
547 2569 713 2620 φανεροῦ
742 2569 1060 2619 διαγωνίσασθαι.
1116 2581 1169 2608 ne
1194 2567 1335 2619 plura;
1362 2566 1645 2619 intellegimus
1674 2579 1725 2606 ex

184 2642 248 2683 his
271 2643 451 2684 Graecos
478 2644 551 2684 illa
577 2644 745 2685 dicendi
770 2645 935 2686 ratione
960 2658 1056 2686 usos
1085 2659 1186 2696 esse,
1213 2645 1249 2686 si
1276 2645 1431 2686 dicturi
1457 2648 1588 2695 erant,
1617 2657 1724 2694 eum,

184 2722 252 2762 cui
280 2721 457 2764 facultas
490 2722 589 2764 data
616 2726 726 2764 esset
753 2722 856 2765 duas
883 2737 951 2765 res
979 2723 1145 2777 agendi,
1180 2723 1415 2765 deliberare
1442 2726 1580 2763 utram
1607 2735 1723 2775 gere-

183 2803 260 2840 ret.
313 2800 394 2840 hoc
428 2801 472 2840 in
510 2802 751 2842 universum
786 2802 839 2843 de
867 2803 946 2842 hac
982 2802 1150 2843 dicendi
1178 2803 1359 2842 formula
1391 2802 1619 2841 tenendum
1647 2805 1722 2843 est.

288 2904 482 2957 Xenoph.
510 2909 731 2946 comment.
751 2906 821 2957 IV,
847 2908 885 2957 4,
910 2908 937 2947 4
964 2906 1175 2957 Socrates,
1201 2910 1249 2948 ut
1275 2906 1336 2947 ait
1353 2905 1602 2958 Xenophon,
1629 2921 1722 2957 προ-
