1895 3322
904 131 966 178 47

176 254 288 294 niam
323 256 440 306 adiit,
477 259 524 296 ut
551 257 656 296 illud
691 257 948 308 impetraret,
985 257 1058 297 sed
1094 261 1142 297 ut
1173 258 1254 308 ipsi
1291 257 1518 297 utilitatem
1545 256 1713 296 afferret

174 344 349 385 eamque
389 333 444 374 ob
480 346 649 374 causam
683 334 788 383 ξένια
822 346 962 374 secum
995 333 1193 386 portavit.
1248 346 1346 374 casu
1381 333 1513 387 igitur
1545 333 1711 384 accidit,

174 411 221 449 ut
239 410 461 451 Pausanias
481 411 665 452 animum
683 415 884 461 mutaret3
910 411 983 452 sed
1011 412 1047 450 si
1065 412 1125 451 ita
1152 412 1259 452 illud
1286 415 1429 452 orator
1456 411 1571 463 apud
1598 412 1706 452 iudi-

174 500 242 528 ces
270 489 478 541 exposuit,
504 490 673 541 poterat
700 489 752 530 de
779 490 904 531 rebus
934 490 1035 530 illis·
1044 489 1186 542 potius
1214 493 1364 530 tacere.

274 591 386 632 Haec
423 593 562 633 omnia
597 593 793 644 quoniam
821 605 881 643 ea,
909 606 1016 644 quae
1053 593 1102 645 ἐξ
1137 594 1288 633 10-12
1324 595 1605 644 exponuntur,
1643 605 1709 632 su-

175 672 320 721 specta
347 669 542 722 reddunt,
568 670 695 711 liceat
719 670 823 710 mihi
851 671 1011 722 aliquid
1038 671 1090 711 de
1118 672 1141 723 §
1171 673 1219 710 10
1247 671 1449 711 conicere.
1497 683 1590 710 mea
1618 672 1707 722 qui-

173 747 270 787 dem
310 748 516 788 sententia
550 748 679 788 verba
715 761 821 799 quae
862 752 961 788 sunt
1001 747 1136 799 ἐπειδὴ
1255 745 1501 800 ἀκαδήμειαν
1543 747 1708 797 docent,

171 823 526 865 Lacedaemonios
550 826 593 865 in
618 825 757 866 animo
781 826 977 867 habuisse
999 838 1132 878 usque
1156 825 1210 865 ad
1234 825 1337 866 haec
1367 826 1461 865 loca
1490 825 1705 877 proficisci

168 903 350 956 indeque
364 918 429 945 res
445 917 604 957 gerere.
625 905 727 945 haec
743 904 796 945 de
809 905 934 945 rebus
949 905 1079 957 gestis
1094 916 1201 955 quae
1216 903 1280 943 his
1297 902 1575 954 paragraphis
1593 916 1704 944 com-

169 984 467 1023 memorantur.
522 981 604 1021 iam
639 980 770 1034 igitur
810 980 1071 1033 inquiramus
1098 983 1354 1020 structuram
1386 980 1704 1021 enuntiatorum

170 1060 321 1111 quibus
357 1060 381 1112 ξ
412 1061 458 1101 ll
486 1059 734 1100 continetur.
788 1059 849 1099 ibi
891 1059 1001 1099 enim
1041 1058 1231 1110 legimus,
1271 1057 1533 1108 Pausaniam,
1574 1072 1704 1110 quum

170 1136 294 1177 rebus
324 1149 348 1176 a
376 1136 585 1190 Diogneto
607 1135 940 1177 commemoratis
961 1137 1309 1185 commoveretur,
1335 1134 1542 1186 populum
1561 1133 1704 1176 fovere

169 1216 368 1267 coepisse,
395 1227 472 1255 nec
499 1214 599 1255 satis
627 1217 814 1266 apparet,
843 1227 926 1265 qua
952 1214 1115 1253 ratione
1142 1212 1250 1251 illud
1277 1224 1373 1251 cum
1408 1213 1471 1261 iis,
1507 1226 1614 1263 quae
1641 1226 1702 1252 se-

170 1295 355 1344 quuntur
400 1291 649 1344 παράδειγμα
695 1290 943 1342 ποιούμενος,
995 1290 1226 1330 cohaereat.
1295 1302 1431 1340 neque
1472 1290 1583 1329 enim
1623 1290 1704 1330 hoc

167 1368 439 1420 participium
471 1368 532 1408 ita
565 1367 753 1421 intellegi
781 1370 922 1419 potest
948 1369 995 1406 ut
1029 1369 1195 1418 tempus
1237 1367 1522 1407 constituatur
1549 1367 1615 1407 vel
1643 1370 1702 1417 ut,

167 1459 250 1497 qua
276 1458 321 1486 re
346 1445 572 1487 mutaverit
591 1445 814 1487 Pausanias
842 1435 1108 1496 sententiam,
1128 1446 1288 1497 populo
1310 1445 1560 1487 Atheniensi
1588 1445 1701 1487 dica-

169 1528 248 1565 tur.
278 1538 457 1576 quorum
493 1524 609 1575 illud,
640 1524 752 1576 quod
780 1524 895 1575 prius
924 1524 1064 1574 posui,
1100 1524 1248 1575 nequit
1281 1524 1468 1576 intellegi
1478 1539 1487 1574 ;
1525 1524 1703 1564 alterum

169 1605 308 1643 autem
338 1603 372 1642 si
399 1605 513 1643 recte
542 1602 703 1642 dictum
738 1605 861 1652 esset,
894 1606 1057 1642 mutata
1092 1606 1201 1643 esset
1227 1603 1457 1643 Pausaniae
1495 1604 1704 1644 sententia

168 1683 210 1720 et
235 1680 360 1720 rebus
380 1680 555 1721 Athenis
576 1680 705 1733 gestis
734 1683 776 1720 et
796 1679 908 1731 quod
936 1681 1026 1732 ipse
1052 1680 1127 1720 has
1153 1692 1220 1721 res
1248 1679 1601 1721 Lacedaemonios
1630 1681 1702 1722 do-

168 1758 333 1799 cuisset.
388 1771 524 1809 neque
553 1758 782 1808 quidquam
817 1757 931 1796 aliud
966 1757 1046 1798 hoc
1074 1757 1332 1809 significaret
1366 1758 1447 1797 nisi
1474 1758 1705 1799 Pausaniae

168 1838 338 1892 auctore
377 1835 587 1888 Diogneto
627 1847 712 1875 non
746 1847 991 1886 persuasum
1033 1848 1133 1885 esse,
1171 1836 1361 1887 cognatis
1402 1835 1514 1876 illius
1542 1836 1703 1888 aliquid

167 1913 266 1952 mali
295 1913 507 1963 accidisse,
536 1913 609 1953 sed
638 1926 766 1964 quum
804 1913 1157 1953 Lacedaemonios
1196 1913 1247 1953 de
1273 1913 1399 1953 rebus
1427 1913 1604 1954 Athenis
1633 1927 1702 1967 ge-

168 1991 241 2029 stis
267 1991 466 2030 certiores
487 1990 674 2039 fecisset,
693 1994 784 2030 tum
807 1991 975 2031 demum
1003 1988 1132 2031 εὕνουν
1152 1988 1342 2042 ἄρξασθαι
1370 1990 1467 2032 εἶναι
1494 1994 1551 2044 τῷ
1577 1992 1704 2046 δήμῳ.

166 2066 247 2106 hoc
289 2066 458 2118 quidem
499 2067 588 2107 sine
628 2067 758 2107 dubio
800 2071 942 2108 orator
970 2068 1110 2108 dicere
1149 2067 1297 2108 noluit.
1351 2081 1399 2108 ac
1436 2082 1565 2120 quum
1599 2069 1704 2110 illud

166 2144 436 2195 participium
464 2157 548 2183 non
577 2144 711 2194 possit
729 2145 878 2195 accipi,
906 2147 953 2184 ut
980 2145 1115 2185 oratio
1136 2144 1212 2185 fiat
1230 2146 1484 2196 concessiva,
1513 2147 1702 2198 quisquis

166 2234 300 2261 meam
335 2222 664 2274 disputationem
700 2223 923 2274 probabit,
958 2222 1163 2262 concedet
1198 2225 1454 2263 structuram
1496 2224 1703 2264 enuntiati

168 2300 328 2350 aliquid
363 2299 604 2340 offensionis
638 2301 828 2341 haberes
861 2301 1012 2341 deinde
1046 2305 1189 2341 orator
1224 2302 1283 2341 ita
1309 2302 1461 2354 pergit,
1490 2305 1605 2354 δῆλον
1633 2301 1705 2354 γὰρ

168 2374 291 2419 ἅπασι
318 2384 400 2431 τοῖς
429 2380 757 2431 Πελοποννησίοις
784 2380 1007 2431 ἐγεγένητο,
1038 2376 1098 2420 ’ὅτι
1179 2382 1388 2431 τιμᾶσθαις
1426 2392 1509 2431 qua
1536 2379 1704 2420 dicendi

165 2454 329 2496 ratione
356 2468 455 2495 usus
483 2460 626 2496 orator
654 2458 866 2509 explicare
892 2458 936 2496 in
955 2458 1093 2497 animo
1122 2457 1281 2506 habuit,
1311 2470 1394 2507 qua
1420 2470 1467 2496 re
1494 2457 1702 2497 Lacedae-

167 2533 298 2573 monii
325 2533 450 2573 saluti
476 2534 745 2575 Atheniensis
773 2535 921 2587 populi
949 2535 1269 2576 consuluissent.
1326 2534 1440 2585 quod
1468 2538 1515 2575 ut
1541 2535 1703 2574 intelle·

168 2625 327 2664 gamuS,
357 2611 584 2652 tenendum
612 2615 696 2662 est,
730 2626 936 2663 nusquam
969 2612 1172 2653 traditum
1211 2624 1314 2661 esse,
1349 2611 1703 2652 Lacedaemonios

166 2690 230 2728 his
267 2690 415 2743 animis
451 2690 494 2729 in
529 2691 734 2741 populum
769 2692 1091 2731 Atheniensium
1126 2694 1223 2731 ante
1258 2690 1406 2731 foedus
1441 2704 1466 2730 a
1499 2691 1705 2731 Pausania

165 2767 297 2807 ictum
324 2766 470 2817 fuisse;
504 2770 545 2807 et
580 2768 615 2806 si
643 2768 723 2808 hoc
759 2768 918 2818 fuisset,
953 2768 1276 2808 Lacedaemonii
1310 2767 1399 2807 sine
1436 2767 1565 2808 dubio
1602 2768 1703 2808 alias

166 2858 232 2885 res
273 2843 519 2897 gessissent3
566 2850 784 2896 praeterea
831 2847 1057 2887 Pausanias
1100 2860 1124 2885 a
1164 2846 1312 2897 populi
1352 2846 1545 2897 partibus
1586 2846 1702 2886 stetit

166 2923 377 2976 Diogneto
406 2925 590 2973 auctore,
619 2935 704 2963 non
730 2923 1016 2973 Ladaemonii,
1046 2924 1119 2975 qui
1138 2923 1190 2963 de
1217 2923 1445 2963 sceleribus
1473 2936 1496 2961 a
1515 2923 1702 2973 tyrannis

1416 3001 1469 3037 6*
