1895 3322
908 138 970 186 45

175 285 287 315 nunc
327 271 430 312 satis
474 267 608 308 habeo
656 266 760 307 haec
808 277 1174 314 commemorasse;
1217 264 1385 317 inquiro
1437 264 1566 305 verba
1608 275 1716 316 quae

128 380 131 382 -
175 351 419 403 sequuntur.

278 463 517 517 Xenophon
544 462 654 503 enim
680 461 776 503 hell.
802 461 855 511 II,
882 462 919 512 4,
947 462 997 502 28
1023 464 1178 511 narrat,
1206 461 1381 514 triginta
1413 460 1527 501 viros
1556 458 1710 500 eiectos

175 545 374 584 Eleusine
402 545 444 582 et
470 541 560 587 τοὺς
587 541 625 582 ἐν
653 521 858 592 κατοιλόγῳ
886 540 926 588 ἐξ
966 537 1117 585 ἄστεως
1151 540 1312 590 legatos
1347 537 1710 577 Lacedaemonem

177 620 340 661 misisse
367 618 651 671 petivisseque
678 617 882 657 auxilium
910 616 964 657 ad
991 616 1194 669 populum
1222 616 1566 668 opprimendum
1602 618 1714 655 uter-

179 712 260 750 que
298 697 491 749 proprias
532 709 599 736 res
635 695 826 735 adiuvari
860 695 1012 745 cupiit;
1054 695 1098 734 in
1132 705 1183 734 eo
1219 697 1358 734 autem
1395 693 1716 733 consentiebant

181 775 294 827 quod
320 774 525 826 populum
553 773 626 824 qui
654 772 697 812 in
725 772 871 813 Piraeo
899 772 1145 812 morabatur
1173 771 1313 824 subigi
1333 771 1569 812 voluerunt.
1599 770 1715 822 quod

177 866 306 904 quum
333 850 551 902 Lysander
580 849 859 902 cognovisset,
887 849 1037 902 legatis
1067 849 1140 900 qui
1168 862 1221 889 ex
1241 851 1345 890 urbe
1372 852 1573 890 venerant
1600 848 1715 888 mille

175 928 334 970 talenta
376 928 542 969 obtulit.
596 927 821 968 Pausanias
863 930 1021 977 autem,
1064 940 1193 978 quum
1234 928 1451 979 Lysandro
1494 927 1713 977 invideret,

179 1009 394 1046 assecutus
424 1009 486 1045 est
513 1007 571 1054 ut,
598 1007 823 1056 postquam
852 1004 1038 1045 aemulus
1067 1008 1205 1045 castra
1232 1004 1376 1054 movit,
1404 1017 1500 1044 cum
1527 1005 1714 1044 exercitu

174 1082 413 1123 mitteretur
448 1095 500 1122 ne
534 1081 750 1134 Λύσανδρος
784 1080 853 1128 τὰς
888 1081 1044 1134 Αὲήνας
1081 1083 1181 1128 ἰδίας
1207 1081 1423 1134 ποιήσοιτο.
1471 1083 1542 1123 ille
1570 1083 1714 1134 igitur,

177 1173 307 1211 quum
347 1159 562 1211 Lysander
603 1161 825 1211 optimates
867 1159 1066 1199 adiuvare
1115 1160 1262 1209 vellet,
1304 1160 1469 1200 occulte
1508 1161 1714 1211 populum

176 1237 293 1287 fovit,
328 1237 392 1300 οἴῃ
417 1238 520 1279 Xen.
556 1238 652 1279 hell.
687 1239 739 1287 ΙΙ,
773 1239 809 1288 4,
837 1239 885 1278 31
923 1235 1031 1284 ὅπως
1066 1237 1120 1290 μὴ
1148 1240 1265 1290 δῆλος
1299 1240 1360 1289 εἴη
1396 1234 1558 1290 εὐμενὴς
1585 1235 1716 1285 αὐτοῖς

177 1312 246 1362 dm
289 1318 462 1366 etquum
503 1315 593 1366 ipse
636 1315 911 1366 optimatibus
952 1315 1121 1366 publice
1163 1315 1351 1354 subsidio
1401 1315 1551 1354 missus
1594 1317 1715 1364 esset,

177 1407 429 1445 quamquam
458 1406 502 1433 se
522 1397 668 1434 contra
688 1394 891 1444 populum
911 1406 1100 1445 pugnare
1120 1393 1356 1443 simulabat,
1382 1395 1524 1432 tamen
1551 1392 1715 1432 occulte

176 1484 323 1522 pacem
352 1484 446 1512 cum
474 1470 631 1523 populo
662 1470 737 1511 icit
766 1470 803 1524 (ξ
832 1471 909 1522 35).

277 1588 344 1627 Ex
379 1588 429 1627 iis
472 1588 608 1637 rebus,
640 1600 745 1638 quae
781 1586 1096 1627 Lacedaemone
1124 1586 1395 1639 gerebantur,
1431 1587 1567 1626 conici
1603 1587 1715 1636 licet,

181 1667 441 1715 Pausaniam,
471 1679 600 1716 quum
627 1653 891 1716 Lysandrum
920 1666 1090 1714 odisset,
1120 1677 1209 1704 eam
1244 1665 1298 1703 ob
1328 1677 1415 1703 rem
1450 1677 1474 1703 a
1508 1664 1716 1703 Lacedae-

179 1743 417 1783 moniorum
445 1755 561 1782 more
591 1742 831 1782 discessisse
859 1745 902 1783 et
927 1742 1132 1794 populum
1160 1741 1311 1782 fovisse
1348 1745 1473 1793 atque
1502 1745 1717 1782 auctorem

175 1819 333 1860 factum
362 1833 452 1860 esse
480 1824 527 1861 ut
554 1820 660 1860 alter
689 1820 896 1861 exercitus
925 1820 969 1860 in
996 1820 1181 1861 Atticam
1210 1819 1536 1872 mitteretur.⁴¹⁸)

276 1937 364 1976 Iam
393 1949 487 1976 cum
516 1936 595 1977 hac
623 1936 930 1989 Xenophontea
957 1936 1199 1977 narratione
1228 1949 1334 1988 quae
1353 1935 1498 1989 Lysias
1528 1935 1640 1976 dixit
1667 1935 1718 1975 de

177 2015 302 2054 rebus
340 2018 439 2066 post
472 2018 671 2066 tyrannos
710 2015 865 2056 eiectos
893 2015 1071 2055 Athenis
1106 2016 1234 2068 gestis
1265 2016 1526 2057 conferamus
1537 2029 1547 2065 ;
1573 2015 1716 2066 itaque

172 2091 294 2149 *quod
337 2094 479 2131 orator
518 2092 657 2132 verbis
700 2091 837 2143 ἐπειδὴ
879 2092 1045 2145 τάχιστα
1080 2093 1224 2143 utitur,
1266 2093 1347 2133 hoc
1390 2097 1501 2134 certe
1540 2093 1719 2133 relatum

181 2168 272 2209 vult
290 2167 343 2208 ad
362 2171 542 2220 tempus,
572 2169 687 2221 quod
714 2168 795 2210 fuit
813 2172 912 2221 post
939 2169 1116 2222 triginta
1144 2170 1256 2210 viros
1277 2169 1475 2221 expulsos
1504 2172 1546 2211 et
1573 2169 1717 2210 decem

175 2247 290 2285 viros
318 2247 585 2288 constitutos.
641 2248 753 2298 quod
782 2248 835 2287 de
861 2249 1156 2300 legationibus,
1195 2253 1242 2288 ut
1269 2262 1328 2289 or.
1356 2249 1449 2298 XII,
1486 2249 1509 2300 ξ
1540 2248 1600 2297 60,
1636 2260 1718 2286 non

176 2322 421 2375 disputavit,
449 2324 493 2364 id
521 2337 607 2364 non
635 2328 699 2365 est
726 2326 1066 2378 vituperandum,
1095 2326 1211 2378 quod
1239 2328 1327 2368 eius
1356 2328 1560 2367 intererat
1587 2326 1717 2366 virtu-

176 2404 238 2441 tes
268 2402 467 2454 Diogneti
489 2404 821 2443 commemorari.
849 2404 982 2444 tradit
1002 2416 1101 2445 vero
1121 2403 1477 2444 Lacedaemonios
1498 2416 1592 2443 cum
1614 2403 1717 2443 Pau-

176 2480 292 2520 sania
318 2481 362 2520 in
390 2480 662 2521 Academiam
691 2481 920 2533 advenisse,
956 2497 1063 2535 quae
1098 2496 1194 2535 pars
1231 2483 1346 2524 urbis
1375 2483 1718 2534 septemtrionem

177 2570 320 2598 versus
348 2558 430 2598 sita
457 2561 531 2608 est,
562 2573 691 2610 quum
719 2573 743 2599 a
770 2560 1050 2613 Xenophonte
1080 2560 1118 2614 (ξ
1146 2561 1209 2613 30)
1239 2561 1538 2612 acceperimus,
1567 2561 1717 2601 Pausa-

175 2636 287 2677 niam
316 2636 353 2676 ἐν
381 2639 438 2688 τῷ
465 2638 661 2691 Ἀλιπέδῳ
688 2640 915 2692 καλουμένῳ
941 2639 1037 2691 πρὸς
1064 2641 1120 2691 τῷ
1147 2642 1331 2691 Πειραιεῖ
1354 2642 1492 2680 castra
1519 2639 1719 2691 posuisse,

175 2713 286 2754 unde
322 2727 389 2754 res
427 2718 603 2766 gereret.
660 2729 741 2768 quo
782 2716 894 2757 facto
938 2718 1146 2758 voluntati
1190 2717 1450 2758 urbanorum
1494 2717 1718 2757 obsecutus

175 2794 254 2832 est.
308 2793 351 2832 et
376 2791 524 2843 Lysias
552 2793 653 2846 ipse,
683 2795 724 2835 οῗ
747 2798 797 2848 τῇ
832 2792 1031 2852 ὀλιγαρχίᾳ
1060 2795 1319 2849 βοηθήσοντες
1346 2791 1464 2848 {mov
1492 2795 1530 2848 (ἓ
1562 2796 1636 2846 12)-

283 2935 343 2987 48)
372 2934 540 2976 Curtius
569 2936 595 2978 l.
624 2948 657 2976 c.
685 2936 757 2987 III,
786 2950 825 2988 p.
857 2938 904 2977 37
934 2937 1013 2989 (ed.
1041 2938 1110 2990 11).
