1895 3322
867 128 926 176 19

138 256 317 295 blicasse
351 267 482 306 eaque
518 255 662 307 paullo
690 258 788 307 post
821 255 1003 295 reditum
1039 257 1207 297 exulum
1248 257 1292 297 in
1328 258 1474 298 urbem
1510 270 1672 309 posses-

134 333 299 378 soribus
327 332 493 372 reddita
521 347 620 373 esse.
675 347 723 373 ac
751 335 786 372 si
815 334 929 384 quod
955 335 1078 384 posui
1105 335 1165 374 ita
1193 337 1302 375 esset
1329 339 1371 374 et
1397 335 1672 375 Athenienses

134 409 185 452 τὰ
211 409 505 462 παρεληλυθότα
543 410 586 450 in
614 411 752 451 animo
781 423 866 451 non
892 411 1132 453 habuerunt
1160 412 1319 463 ulcisci,
1354 426 1439 453 non
1468 417 1532 454 est
1560 413 1674 465 quod

132 492 223 529 tum
252 489 424 540 quidem
450 489 673 529 Poliochus
700 489 878 529 suaserit
905 503 956 529 ne
985 490 1097 529 bona
1130 490 1302 540 publica
1338 489 1490 529 fierent
1518 490 1674 541 quippe

134 580 263 619 quum
304 569 400 606 ante
442 580 535 606 eum
575 579 697 606 nemo
739 566 819 606 hoc
860 567 1187 608 Atheniensibus
1229 568 1410 618 probare
1452 581 1675 620 aggressus

133 648 253 684 esset.
309 643 374 682 sin
403 643 495 694 quis
523 646 619 682 ante
647 643 893 682 Poliochum
921 643 1005 683 tale
1039 644 1143 695 quid
1172 644 1437 695 protulisset,
1474 644 1673 684 Poliocho

133 721 244 762 iusto
271 721 366 761 iure
392 720 580 760 licuisset
606 720 651 760 id
680 721 793 772 quod
822 721 949 761 vellet
976 721 1163 762 suadere.

235 810 556 877 Circumspectis
585 825 778 865 omnibus
807 825 931 865 rebus
960 824 1280 877 rationibusque
1300 826 1526 866 subductis
1555 825 1677 866 intel-

131 904 307 944 leximus
329 906 371 943 et
388 907 503 943 recte
530 903 643 943 dicta
663 915 752 943 esse
783 915 891 954 quae
919 903 942 956 ξ
970 905 1021 943 14
1056 903 1248 954 exposita
1288 907 1406 953 sunt;
1444 916 1580 953 neque
1615 916 1679 942 ar-

133 983 378 1032 gumentum
415 970 822 1033 huius'paragraphi
858 980 983 1020 rebus
1012 980 1141 1032 gestis
1170 994 1424 1031 repugnare;
1460 993 1597 1030 neque
1624 980 1677 1019 ab

133 1058 216 1096 illis
244 1057 344 1097 viris
374 1058 509 1097 doctis
540 1058 611 1109 qui
637 1057 746 1097 hanc
767 1058 1002 1098 orationem
1029 1060 1265 1098 tractarunt
1292 1058 1422 1099 verba
1449 1058 1473 1111 ξ
1506 1059 1553 1097 14
1581 1060 1679 1109 apte
1737 1046 1741 1049 ⁴

135 1135 355 1174 emendata
383 1148 482 1174 esse.
535 1137 678 1185 itaque
708 1147 832 1183 nune,
862 1135 897 1173 si
932 1136 1082 1185 placet,
1120 1136 1221 1185 quid
1256 1135 1440 1174 iudicem
1477 1135 1528 1173 do
1556 1135 1678 1173 huius

136 1211 338 1253 orationis
368 1216 614 1266 argumento
643 1212 789 1264 paucis
820 1224 1037 1264 exponam.

865 1368 951 1421 ss.

239 1474 380 1524 Atque
415 1473 596 1524 primum
637 1471 807 1523 quidem
845 1471 940 1511 dico
976 1485 1042 1512 me
1081 1472 1250 1524 quidem
1278 1473 1581 1513 Hoelscherum
1611 1473 1684 1525 qui

136 1551 244 1589 hanc
280 1550 512 1589 orationem
550 1561 639 1587 esse
682 1550 986 1588 accusatoriam
1038 1550 1173 1589 voluit
1209 1550 1400 1600 probare.
1463 1551 1514 1589 ad
1559 1564 1683 1601 quam

136 1628 385 1670 sententiam
421 1626 749 1668 confirmandam
779 1626 902 1667 etiam
931 1627 1055 1667 aliam
1090 1640 1178 1668 rem
1207 1625 1345 1667 afferri
1380 1639 1504 1678 posse
1540 1627 1680 1669 credo.

139 1709 302 1745 constat
329 1705 438 1744 enim
467 1704 742 1743 Athenienses
772 1704 1018 1754 decrevisse,
1053 1702 1097 1744 ἄν
1126 1720 1183 1751 τις
1218 1704 1423 1756 δικάζηται
1457 1705 1561 1757 παρὰ
1596 1705 1685 1752 τοὺς

136 1782 287 1836 ἕρκους,
324 1784 463 1831 ἐξεῖναι
498 1785 554 1835 τῷ
588 1781 769 1834 φεύγοντι
804 1782 1149 1834 παραγράψασξῑαι,
1187 1780 1277 1829 τοὺς
1312 1783 1356 1823 δὲ
1385 1777 1571 1836 ἄρχοντας
1597 1785 1685 1835 περὶ

138 1861 274 1916 τούτου
314 1863 462 1912 πρῶτον
506 1860 693 1912 εἰσάγειν,
737 1862 858 1912 λέγειν
906 1862 950 1902 δὲ
996 1860 1179 1912 πρότερον
1223 1859 1286 1902 τὸν
1333 1860 1685 1913 παραγραψάμενον

140 1937 324 1991 ὁπότερος
354 1935 437 1980 δ’ἂν
466 1937 632 1991 ἧττηῗῑῆ,
663 1938 731 1990 τὴν
760 1938 970 1991 ἐπωβελίαν
1000 1936 1252 1991 ἐφείλειν.’7)
1300 1939 1385 1978 lata
1413 1943 1553 1979 autem
1582 1938 1685 1979 haec

139 2018 208 2058 lex
238 2021 338 2066 erat,
368 2017 481 2068 quod
510 2017 647 2068 ipsum
675 2017 709 2056 is
741 2017 813 2068 qui
842 2018 1072 2057 orationem
1108 2017 1222 2057 illam
1249 2018 1399 2058 habuit
1427 2019 1683 2059 Isocrateam

142 2096 262 2145 dixit,
292 2100 337 2135 ut
367 2096 439 2147 qui
466 2095 558 2134 iura
577 2094 754 2135 iuranda
781 2107 866 2134 non
886 2095 1154 2146 respicerent,
1184 2108 1337 2146 poenas
1368 2096 1527 2136 darent.
1582 2096 1683 2149 legi-

140 2188 231 2212 mus
261 2177 401 2212 autem
439 2174 481 2211 in
511 2173 589 2211 hac
627 2173 816 2223 quidem,
853 2172 903 2211 de
932 2186 1013 2223 qua
1042 2186 1177 2212 sermo
1207 2177 1282 2222 est,
1311 2176 1511 2223 oratione,
1549 2175 1686 2214 Polio-

142 2252 266 2291 chum
306 2251 349 2290 id
384 2252 518 2302 egisse
556 2255 602 2290 ut
636 2251 846 2290 iudicibus
883 2250 1158 2301 persuaderet
1191 2263 1242 2290 ne
1279 2251 1349 2298 τὰς
1385 2251 1594 2304 διαλλαγὰς
1621 2254 1688 2293 καὶ

142 2328 211 2375 τὰς
247 2327 442 2381 συνξῖήκας
480 2332 796 2368 contemnerent
832 2331 959 2379 atque
988 2328 1278 2369 dissolverent.
1318 2330 1435 2370 euius
1474 2331 1535 2370 rei
1564 2344 1689 2371 causa

141 2406 349 2446 Archinus
377 2406 493 2444 illam
519 2406 654 2457 legem
682 2397 855 2455 tulerat,
884 2409 929 2445 ut
956 2405 1015 2444 ait
1041 2407 1259 2456 Isocrates,
1279 2409 1333 2459 ¹⁸)
1374 2407 1511 2460 ἐπειδὴ
1548 2408 1622 2461 γὰρ
1644 2409 1687 2449 ἐκ

145 2486 364 2536 Πειραιέως
392 2483 641 2530 κατελὲόντες
669 2484 791 2530 ἐνίους
820 2481 965 2535 ἑωρᾶτε
993 2486 1064 2525 τῶν
1085 2487 1248 2528 πολιτῶν
1277 2494 1530 2538 συκοφαντεῖν
1559 2485 1688 2539 ὡρμη-

145 2564 281 2614 μένους
309 2563 375 2603 καὶ
413 2561 482 2608 τὰς
511 2562 706 2613 συνξτήκας
741 2561 842 2602 λύειν
878 2563 1179 2615 ἐπιχειροῦντας,
1209 2564 1434 2617 βουλόμενοι
1462 2564 1622 2611 τούτους
1649 2579 1692 2605 τε

146 2643 294 2681 παῦσαι
332 2642 397 2680 καὶ
437 2647 518 2685 τοῖς
555 2638 682 2686 ἄλλοις
717 2641 906 2687 ἐπιδεῖξαι
942 2637 1021 2680 κτὲ.
1052 2641 1220 2691 sitaque
1254 2655 1339 2681 non
1373 2642 1522 2682 dubito
1551 2642 1691 2682 dicere

149 2732 277 2769 quum
305 2718 483 2758 alterum
510 2718 712 2758 iudicium
742 2722 1027 2769 exerceretur,
1063 2719 1219 2759 forensi
1255 2732 1303 2760 eo
1342 2719 1510 2760 dicendi
1538 2732 1691 2773 genere

149 2796 262 2847 quod
289 2795 524 2847 παραγραφή
552 2800 728 2836 vocatur
756 2796 817 2836 uti
838 2796 997 2836 oratori
1024 2809 1109 2836 non
1128 2797 1254 2837 modo
1273 2798 1442 2838 licuisse
1462 2797 1535 2838 sed
1564 2797 1690 2838 etiam

259 2895 550 2978 ¹⁷)fffflsrobffltes
579 2938 637 2965 or.
666 2926 818 2967 XVIII·
847 2926 869 2979 ξ
898 2929 934 2966 2·
993 2929 1051 2979 ¹⁸)
1080 2927 1181 2967 ibid*
