1895 3322
914 112 977 160 30

1363 204 1381 212 κ

175 240 230 280 tis
259 240 308 292 ἓξ
339 241 492 280 13-20
521 240 727 292 quaedam
754 239 987 281 afferuntur
1015 252 1122 291 quae
1140 241 1384 291 probationi
1411 241 1477 282 vel
1504 253 1723 293 argumen-

177 308 330 358 tationi
358 318 513 359 similia
539 317 749 360 videntur.
802 317 886 358 illis
917 317 1027 358 enim
1061 317 1339 371 paragraphis
1374 318 1550 370 exponit
1581 320 1725 359 orator

179 407 310 445 quum
339 395 421 433 alia
447 398 539 434 tum
566 394 764 434 Eucratis
785 396 951 446 peccati
979 395 1211 435 ulciscendi
1231 399 1329 446 post
1358 396 1540 435 reditum
1570 396 1726 435 civium

178 486 200 512 c
228 472 376 512 Piraeo
405 472 813 525 opportunissimum
849 472 977 512 fuisse
1004 477 1184 523 tempus.
1240 477 1282 512 et
1309 473 1353 512 id
1382 473 1552 524 quidem
1579 476 1725 523 aptum

176 548 279 589 mihi
315 547 484 589 videtur
526 548 659 600 quod,
697 561 827 601 quum
862 547 1068 589 Euorates
1111 548 1202 600 ipsc
1238 548 1534 590 defenderetur
1571 552 1641 602 (sc.
1681 549 1724 589 in

178 628 461 679 probatione),
488 639 563 665 suo
593 627 685 665 iure
713 626 946 667 afferretur.
1002 626 1154 666 deinde
1188 628 1210 679 ξ
1251 629 1269 664 1
1309 630 1452 666 orator
1487 640 1530 666 se
1565 627 1724 666 iudices

178 704 403 744 docturum
439 716 542 754 esse,
572 704 715 755 quales
752 703 863 744 cives
899 704 969 755 (sc.
998 704 1114 757 boni)
1151 704 1227 745 filii
1254 704 1451 745 Eucratis
1480 704 1575 755 sint,
1602 704 1723 756 polli—

185 784 319 823 cetur.
375 793 474 820 sane
503 780 604 821 fecit
625 781 737 832 quod
758 781 1032 832 promiserat3
1062 794 1198 832 neque
1217 793 1315 820 vcro
1345 780 1445 821 fecit
1471 780 1725 821 mentionem

180 858 268 898 eius
296 858 359 898 rei
386 857 618 898 maioribus
645 857 827 897 laudatis
857 858 930 898 sed
951 872 1081 909 quum
1109 858 1161 897 de
1189 871 1314 898 causa
1333 858 1426 908 ipsa
1452 857 1614 909 aliquid.
1642 857 1724 897 dis-

177 936 413 987 putavisset
449 939 541 975 tum
576 935 745 975 demum
779 935 930 974 merita
961 936 1005 974 in
1040 936 1244 986 populum
1281 935 1636 983 commemoravit,
1664 934 1725 974 ita

178 1017 320 1054 tamen
349 1016 396 1053 ut
431 1016 634 1064 appareat
675 1015 886 1053 oratorem
923 1012 1026 1053 haec
1064 1012 1193 1053 verba
1229 1011 1366 1052 facere
1401 1012 1443 1051 in
1473 1011 1611 1051 animo
1639 1023 1726 1051 non

174 1091 383 1139 habuisse,
421 1090 520 1141 quia
556 1090 770 1141 pollicitus
805 1093 932 1141 esset5
962 1091 1035 1130 sed
1064 1104 1194 1142 quum
1222 1090 1274 1130 de
1302 1090 1423 1130 bonis
1452 1089 1607 1129 iniuste
1636 1102 1713 1140 pu-

177 1168 343 1208 blicatis
372 1167 416 1207 in
443 1168 682 1208 universum
713 1167 750 1220 (§
779 1168 842 1220 20)
870 1167 1118 1219 disputaret,
1155 1167 1208 1206 ad
1236 1166 1310 1206 has
1346 1179 1412 1207 res
1450 1166 1722 1217 explicandas

178 1258 398 1285 munerum
427 1245 480 1284 ab
508 1245 606 1295 ·ipso
644 1247 916 1295 acceptorum
954 1245 1301 1287 commemoratio
1338 1244 1452 1283 utilis
1489 1244 1724 1283 videbatur.

282 1348 397 1388 Haec
425 1347 469 1387 in
496 1348 738 1388 universum
773 1348 826 1388 de
854 1347 1131 1401 paragraphis
1161 1347 1395 1396 duodecim,
1425 1360 1530 1398 quae
1564 1346 1724 1397 primae

179 1427 390 1478 leguntur.
445 1438 575 1477 porro
603 1425 707 1465 mihi
735 1426 888 1466 mirum
918 1426 1099 1476 videtur,
1128 1425 1243 1478 quod
1270 1425 1384 1465 haud
1413 1438 1547 1476 pauca
1575 1425 1618 1465 in
1645 1424 1724 1464 hac

181 1503 372 1542 oratione
400 1502 556 1552 insunt,
578 1516 685 1553 quae
705 1505 747 1542 et
775 1502 901 1542 simili
920 1502 1047 1542 modo
1077 1505 1119 1542 et
1145 1503 1231 1543 fere
1258 1502 1407 1542 iisdem
1427 1502 1567 1541 verbis
1596 1514 1722 1552 expo-

179 1581 260 1620 sita
295 1583 393 1620 sunt
426 1580 470 1619 in
505 1579 727 1620 Isocrateis
763 1580 1026 1621 orationibus
1064 1580 1164 1621 XVI
1199 1584 1241 1621 et
1276 1580 1428 1621 XVIII.
1485 1579 1599 1631 quod
1636 1592 1719 1631 quo

178 1658 440 1699 manifestius
477 1661 699 1709 appareat,
732 1661 873 1711 partes
907 1658 1018 1700 inter
1052 1671 1096 1699 se
1123 1658 1431 1699 consentientes
1461 1669 1724 1710 componam.

412 1774 509 1828 Lys.
542 1774 694 1815 XVIII.
1236 1775 1365 1816 Isocr.
1396 1787 1455 1815 or.

258 1855 281 1906 ξ
313 1855 346 1892 1.
383 1851 424 1893 οὔ
454 1852 525 1904 γὰρ
555 1853 669 1904 μόνον
698 1855 806 1903 περὶ
845 1856 929 1904 τῆς
953 1901 955 1909 γ
1056 1854 1187 1902 XVII,
1213 1854 1277 1891 46.
1305 1854 1372 1893 καὶ
1400 1851 1444 1893 τὸ
1474 1851 1542 1903 μὲν
1565 1853 1725 1903 ἔγκλημ’

182 1929 354 1978 οὐσίας
410 1928 775 1982 ἀγωνιζόμεὲῖα,
833 1927 928 1972 ἀλλὰ
953 1911 956 1934 ³
980 1932 1063 1973 ἐστὶ
1082 1931 1188 1982 περὶ
1207 1928 1481 1984 χρημάτων,
1504 1926 1724 1981 ἀγωνίζο-

181 2011 248 2050 >coca
276 2009 364 2059 περὶ
401 2010 473 2059 τῆς
509 2010 726 2058 πολιτείας,
764 2009 805 2048 εἰ
838 2007 927 2060 χρὴ
979 2025 1061 2060 μαι
1096 2011 1131 2049 δ’
1176 2009 1214 2048 εἰ
1255 2007 1339 2060 χρὴ
1383 2008 1604 2058 μετεῖναί
1644 2021 1725 2057 μοι

181 2086 553 2139 δημοκρατουμένης
597 2069 688 2137 ’τῆς
743 2085 930 2131 πόλεως
954 2097 956 2111 ¹
980 2090 1065 2137 τῆς
1092 2085 1285 2130 πόλεως.

189 2163 198 2178 ε
259 2171 273 2178 κ
425 2170 468 2185 ,,

181 2181 296 2216 'ww'
326 2179 558 2215 *Ler‘wm'
1058 2190 1114 2230 ib.
1158 2189 1180 2241 ξ
1223 2191 1257 2229 5.
1302 2187 1338 2229 οἱ
1379 2187 1450 2239 γὰρ
1493 2204 1536 2228 το
1579 2190 1727 2238 πρῶτον

983 2266 1424 2320 ἐπιβουλεύσαντες
1469 2269 1533 2318 τῷ
1588 2264 1727 2317 δήμῳ

981 2345 1047 2384 καὶ
1076 2343 1391 2396 καταστήσαντες
1428 2341 1517 2389 τοὺς
1543 2357 1726 2394 τετρακο-

259 2422 334 2474 ξ4.
364 2420 795 2473 παρακαλούμενος
827 2435 930 2473 μετ·
981 2423 1102 2473 σίους,
1133 2420 1270 2473 ἐπειδὴ
1290 2419 1727 2472 παρακαλούμενος

183 2503 311 2554 ἐχειν
370 2501 454 2552 τῆς
512 2496 803 2551 ὀλιγαρχίας
855 2497 929 2540 ὑπὸ
982 2497 1157 2551 ὅπατὴρ
1194 2497 1277 2540 οὐκ
1313 2497 1455 2551 ἥὲῐελε
1498 2498 1726 2550 γενέσὲῑαι

181 2582 268 2620 τῶν
353 2576 769 2629 ἐπιβουλευόντων
866 2579 930 2629 τῷ
981 2581 1082 2629 μετ’
1110 2574 1262 2618 αὐτῶν
1290 2593 1325 2617 κ.
1355 2592 1388 2616 τ.
1418 2580 1449 2616 λ.

181 2656 362 2707 πλήὲει
390 2652 473 2696 οὐκ
501 2651 739 2705 ἦὸέλησεν
760 2629 956 2701 αὖτοῖςί

181 2736 444 2775 πείξῒεσὲται
473 2729 552 2773 κτὲ.

261 2838 284 2890 ξ
331 2840 366 2879 5.
414 2833 497 2878 οὐκ
544 2833 928 2887 ἀπελαυνόμενος
1058 2835 1113 2875 ib.
1152 2836 1264 2887 §36.
1315 2832 1362 2875 οὐ
1404 2831 1475 2885 γὰρ
1524 2828 1725 2874 ἀπελαυ-

182 2918 264 2967 τῆς
283 2917 551 2965 πολιτείας,
571 2911 652 2955 οὐδ’
671 2915 772 2960 ἰδίας
788 2913 928 2967 ἔχθρας
980 2913 1182 2966 νόμενος
1203 2911 1293 2955 ἀπὸ
1315 2916 1400 2966 τῆς
1430 2908 1725 2964 ὀλιγαρχίας,
