<?xml version="1.0" encoding="UTF-8"?>
<!DOCTYPE html PUBLIC "-//W3C//DTD XHTML 1.0 Transitional//EN"
    "http://www.w3.org/TR/xhtml1/DTD/xhtml1-transitional.dtd">
<html xmlns="http://www.w3.org/1999/xhtml" xml:lang="en" lang="en">
 <head>
  <title>
</title>
<meta http-equiv="Content-Type" content="text/html;charset=utf-8" />
  <meta name='ocr-system' content='tesseract 3.04.00' />
  <meta name='ocr-capabilities' content='ocr_page ocr_carea ocr_par ocr_line ocrx_word'/>
</head>
<body>
  <div class='ocr_page' id='page_1' title='image "4737163_0048.png"; bbox 0 0 1895 3322; ppageno 0'>
   <div class='ocr_carea' id='block_1_1' title="bbox 930 146 992 195">
    <p class='ocr_par' dir='ltr' id='par_1_1' title="bbox 930 146 992 195">
     <span class='ocr_line' id='line_1_1' title="bbox 930 146 992 195; baseline 0.016 -1"><span class='ocrx_word' id='word_1_1' title='bbox 930 146 992 195; x_wconf 78' lang='lat'>42</span> 
     </span>
    </p>
   </div>
   <div class='ocr_carea' id='block_1_2' title="bbox 156 274 1740 951">
    <p class='ocr_par' dir='ltr' id='par_1_2' title="bbox 156 274 1740 951">
     <span class='ocr_line' id='line_1_2' title="bbox 185 274 1735 327; baseline -0.001 -12"><span class='ocrx_word' id='word_1_2' title='bbox 185 275 363 327; x_wconf 83' lang='lat' dir='ltr'>triginta</span> <span class='ocrx_word' id='word_1_3' title='bbox 391 275 492 316; x_wconf 89' lang='lat' dir='ltr'>viris</span> <span class='ocrx_word' id='word_1_4' title='bbox 520 276 764 316; x_wconf 81' lang='lat' dir='ltr'>auctoribus</span> <span class='ocrx_word' id='word_1_5' title='bbox 792 277 905 317; x_wconf 88' lang='lat' dir='ltr'>viros</span> <span class='ocrx_word' id='word_1_6' title='bbox 926 276 1142 327; x_wconf 84' lang='lat' dir='ltr'>superiore</span> <span class='ocrx_word' id='word_1_7' title='bbox 1169 277 1306 316; x_wconf 83' lang='lat' dir='ltr'>aetate</span> <span class='ocrx_word' id='word_1_8' title='bbox 1332 274 1527 327; x_wconf 85' lang='lat' dir='ltr'>expulsos</span> <span class='ocrx_word' id='word_1_9' title='bbox 1557 286 1646 314; x_wconf 92' lang='lat' dir='ltr'>esse</span> <span class='ocrx_word' id='word_1_10' title='bbox 1673 285 1735 313; x_wconf 91' lang='lat' dir='ltr'>re·</span> 
     </span>
     <span class='ocr_line' id='line_1_3' title="bbox 186 353 1736 405; baseline -0.001 -12"><span class='ocrx_word' id='word_1_11' title='bbox 186 357 357 393; x_wconf 74' lang='lat' dir='ltr'>vocatos</span> <span class='ocrx_word' id='word_1_12' title='bbox 398 366 481 393; x_wconf 92' lang='lat' dir='ltr'>non</span> <span class='ocrx_word' id='word_1_13' title='bbox 525 355 823 405; x_wconf 82' lang='lat' dir='ltr'>acceperimus,</span> <span class='ocrx_word' id='word_1_14' title='bbox 861 358 1001 394; x_wconf 82' lang='lat' dir='ltr'>tamen</span> <span class='ocrx_word' id='word_1_15' title='bbox 1037 353 1082 393; x_wconf 91' lang='lat' dir='ltr'>id</span> <span class='ocrx_word' id='word_1_16' title='bbox 1119 353 1322 394; x_wconf 86' lang='lat' dir='ltr'>credibile</span> <span class='ocrx_word' id='word_1_17' title='bbox 1359 367 1443 394; x_wconf 91' lang='lat' dir='ltr'>non</span> <span class='ocrx_word' id='word_1_18' title='bbox 1480 357 1543 394; x_wconf 92' lang='lat' dir='ltr'>est</span> <span class='ocrx_word' id='word_1_19' title='bbox 1576 353 1736 393; x_wconf 91' lang='lat' dir='ltr'>factum</span> 
     </span>
     <span class='ocr_line' id='line_1_4' title="bbox 186 431 1734 484; baseline 0.001 -15"><span class='ocrx_word' id='word_1_20' title='bbox 186 443 289 478; x_wconf 89' lang='lat' dir='ltr'>esse,</span> <span class='ocrx_word' id='word_1_21' title='bbox 321 444 450 482; x_wconf 91' lang='lat' dir='ltr'>quum</span> <span class='ocrx_word' id='word_1_22' title='bbox 486 431 629 482; x_wconf 89' lang='lat' dir='ltr'>paullo</span> <span class='ocrx_word' id='word_1_23' title='bbox 667 435 764 472; x_wconf 90' lang='lat' dir='ltr'>ante</span> <span class='ocrx_word' id='word_1_24' title='bbox 799 433 977 484; x_wconf 85' lang='lat' dir='ltr'>triginta</span> <span class='ocrx_word' id='word_1_25' title='bbox 1011 432 1123 471; x_wconf 93' lang='lat' dir='ltr'>viros</span> <span class='ocrx_word' id='word_1_26' title='bbox 1159 432 1413 473; x_wconf 88' lang='lat' dir='ltr'>constitutos</span> <span class='ocrx_word' id='word_1_27' title='bbox 1449 432 1591 473; x_wconf 84' lang='lat' dir='ltr'>exules</span> <span class='ocrx_word' id='word_1_28' title='bbox 1624 431 1734 471; x_wconf 89' lang='lat' dir='ltr'>redi·</span> 
     </span>
     <span class='ocr_line' id='line_1_5' title="bbox 185 508 1735 562; baseline 0 -14"><span class='ocrx_word' id='word_1_29' title='bbox 185 509 326 548; x_wconf 81' lang='lat' dir='ltr'>issent.</span> <span class='ocrx_word' id='word_1_30' title='bbox 383 508 451 557; x_wconf 88' lang='lat' dir='ltr'>(cf.</span> <span class='ocrx_word' id='word_1_31' title='bbox 480 509 643 550; x_wconf 84' lang='lat' dir='ltr'>Andoc.</span> <span class='ocrx_word' id='word_1_32' title='bbox 674 510 692 549; x_wconf 86' lang='lat'>1</span> <span class='ocrx_word' id='word_1_33' title='bbox 721 510 744 562; x_wconf 61' lang='grc' dir='ltr'>ξ</span> <span class='ocrx_word' id='word_1_34' title='bbox 774 511 851 561; x_wconf 85' lang='grc'>80).</span> <span class='ocrx_word' id='word_1_35' title='bbox 882 523 1096 561; x_wconf 86' lang='lat' dir='ltr'>quumque</span> <span class='ocrx_word' id='word_1_36' title='bbox 1125 512 1301 559; x_wconf 91' lang='lat' dir='ltr'>constet,</span> <span class='ocrx_word' id='word_1_37' title='bbox 1331 510 1609 551; x_wconf 79' lang='lat' dir='ltr'>Athenienses</span> <span class='ocrx_word' id='word_1_38' title='bbox 1640 522 1735 549; x_wconf 91' lang='lat' dir='ltr'>cum</span> 
     </span>
     <span class='ocr_line' id='line_1_6' title="bbox 188 585 1740 640; baseline 0.001 -15"><span class='ocrx_word' id='word_1_39' title='bbox 188 585 532 627; x_wconf 86' lang='lat' dir='ltr'>Lacedaemoniis</span> <span class='ocrx_word' id='word_1_40' title='bbox 572 587 719 627; x_wconf 90' lang='lat' dir='ltr'>foedus</span> <span class='ocrx_word' id='word_1_41' title='bbox 762 588 887 629; x_wconf 86' lang='lat' dir='ltr'>icisse</span> <span class='ocrx_word' id='word_1_42' title='bbox 930 588 1025 638; x_wconf 86' lang='lat' dir='ltr'>tale,</span> <span class='ocrx_word' id='word_1_43' title='bbox 1068 588 1183 639; x_wconf 91' lang='lat' dir='ltr'>quod</span> <span class='ocrx_word' id='word_1_44' title='bbox 1224 587 1447 639; x_wconf 75' lang='lat' dir='ltr'>optimates</span> <span class='ocrx_word' id='word_1_45' title='bbox 1491 590 1740 640; x_wconf 86' lang='lat' dir='ltr'>appeterent</span> 
     </span>
     <span class='ocr_line' id='line_1_7' title="bbox 186 663 1738 719; baseline 0.002 -18"><span class='ocrx_word' id='word_1_46' title='bbox 186 663 253 714; x_wconf 85' lang='lat' dir='ltr'>(cf.</span> <span class='ocrx_word' id='word_1_47' title='bbox 275 663 380 703; x_wconf 89' lang='lat' dir='ltr'>Xen.</span> <span class='ocrx_word' id='word_1_48' title='bbox 401 664 496 705; x_wconf 87' lang='lat' dir='ltr'>hell.</span> <span class='ocrx_word' id='word_1_49' title='bbox 518 666 567 715; x_wconf 92' lang='lat' dir='ltr'>II,</span> <span class='ocrx_word' id='word_1_50' title='bbox 597 668 633 712; x_wconf 89' lang='grc'>2,</span> <span class='ocrx_word' id='word_1_51' title='bbox 655 668 733 719; x_wconf 86' lang='grc'><strong>20),</strong></span> <span class='ocrx_word' id='word_1_52' title='bbox 754 667 948 718; x_wconf 88' lang='lat' dir='ltr'>equidem</span> <span class='ocrx_word' id='word_1_53' title='bbox 971 667 1123 718; x_wconf 87' lang='lat' dir='ltr'>opinor</span> <span class='ocrx_word' id='word_1_54' title='bbox 1145 666 1229 706; x_wconf 87' lang='lat' dir='ltr'>dici</span> <span class='ocrx_word' id='word_1_55' title='bbox 1249 666 1387 715; x_wconf 93' lang='lat' dir='ltr'>licere,</span> <span class='ocrx_word' id='word_1_56' title='bbox 1416 666 1595 719; x_wconf 85' lang='lat' dir='ltr'>triginta</span> <span class='ocrx_word' id='word_1_57' title='bbox 1613 665 1738 714; x_wconf 91' lang='lat' dir='ltr'>viros,</span> 
     </span>
     <span class='ocr_line' id='line_1_8' title="bbox 156 730 1738 795; baseline 0.001 -16"><span class='ocrx_word' id='word_1_58' title='bbox 156 730 259 792; x_wconf 46' lang='lat' dir='ltr'>&#39;qui</span> <span class='ocrx_word' id='word_1_59' title='bbox 289 742 475 782; x_wconf 89' lang='lat' dir='ltr'>amicitia</span> <span class='ocrx_word' id='word_1_60' title='bbox 504 757 599 783; x_wconf 89' lang='lat' dir='ltr'>cum</span> <span class='ocrx_word' id='word_1_61' title='bbox 635 744 982 785; x_wconf 85' lang='lat' dir='ltr'>Lacedaemoniis</span> <span class='ocrx_word' id='word_1_62' title='bbox 1020 744 1236 784; x_wconf 87' lang='lat' dir='ltr'>coniuncti</span> <span class='ocrx_word' id='word_1_63' title='bbox 1273 747 1431 793; x_wconf 77' lang='lat' dir='ltr'>essent,</span> <span class='ocrx_word' id='word_1_64' title='bbox 1467 743 1587 795; x_wconf 88' lang='lat' dir='ltr'>quasi</span> <span class='ocrx_word' id='word_1_65' title='bbox 1624 743 1738 794; x_wconf 89' lang='lat' dir='ltr'>ipsos</span> 
     </span>
     <span class='ocr_line' id='line_1_9' title="bbox 188 819 1738 874; baseline 0.001 -16"><span class='ocrx_word' id='word_1_66' title='bbox 188 831 337 870; x_wconf 81' lang='lat' dir='ltr'>pacem</span> <span class='ocrx_word' id='word_1_67' title='bbox 365 819 515 861; x_wconf 84' lang='lat' dir='ltr'>fecisse</span> <span class='ocrx_word' id='word_1_68' title='bbox 544 835 639 862; x_wconf 91' lang='lat' dir='ltr'>cum</span> <span class='ocrx_word' id='word_1_69' title='bbox 667 822 997 863; x_wconf 83' lang='lat' dir='ltr'>Atheniensibus</span> <span class='ocrx_word' id='word_1_70' title='bbox 1028 825 1154 874; x_wconf 93' lang='lat' dir='ltr'>atque</span> <span class='ocrx_word' id='word_1_71' title='bbox 1183 821 1233 860; x_wconf 90' lang='lat' dir='ltr'>iis</span> <span class='ocrx_word' id='word_1_72' title='bbox 1254 822 1482 872; x_wconf 83' lang='lat' dir='ltr'>imperasse</span> <span class='ocrx_word' id='word_1_73' title='bbox 1511 833 1619 871; x_wconf 90' lang='lat' dir='ltr'>quae</span> <span class='ocrx_word' id='word_1_74' title='bbox 1646 819 1738 859; x_wconf 89' lang='lat' dir='ltr'>fieri</span> 
     </span>
     <span class='ocr_line' id='line_1_10' title="bbox 190 896 1737 951; baseline 0.001 -14"><span class='ocrx_word' id='word_1_75' title='bbox 190 898 367 948; x_wconf 83' lang='lat' dir='ltr'>vellent3</span> <span class='ocrx_word' id='word_1_76' title='bbox 397 912 524 950; x_wconf 91' lang='lat' dir='ltr'>quam</span> <span class='ocrx_word' id='word_1_77' title='bbox 553 900 607 940; x_wconf 92' lang='lat' dir='ltr'>ob</span> <span class='ocrx_word' id='word_1_78' title='bbox 637 912 725 940; x_wconf 86' lang='lat' dir='ltr'>rem</span> <span class='ocrx_word' id='word_1_79' title='bbox 755 900 915 941; x_wconf 89' lang='lat' dir='ltr'>oratori</span> <span class='ocrx_word' id='word_1_80' title='bbox 942 900 1063 940; x_wconf 89' lang='lat' dir='ltr'>licuit</span> <span class='ocrx_word' id='word_1_81' title='bbox 1101 900 1241 940; x_wconf 86' lang='lat' dir='ltr'>dicere</span> <span class='ocrx_word' id='word_1_82' title='bbox 1271 897 1307 941; x_wconf 88' lang='grc' dir='ltr'>οἱ</span> <span class='ocrx_word' id='word_1_83' title='bbox 1335 896 1441 951; x_wconf 81' lang='grc' dir='ltr'>αὐτῷ</span> <span class='ocrx_word' id='word_1_84' title='bbox 1468 900 1538 951; x_wconf 83' lang='grc' dir='ltr'>τῆς</span> <span class='ocrx_word' id='word_1_85' title='bbox 1565 897 1737 940; x_wconf 64' lang='grc' dir='ltr'>καέτόδου</span> 
     </span>
    </p>
   </div>
   <div class='ocr_carea' id='block_1_3' title="bbox 188 977 593 1029">
    <p class='ocr_par' dir='ltr' id='par_1_3' title="bbox 188 977 593 1029">
     <span class='ocr_line' id='line_1_11' title="bbox 188 977 593 1029; baseline 0.005 -13"><span class='ocrx_word' id='word_1_86' title='bbox 188 977 306 1016; x_wconf 81' lang='grc' dir='ltr'>αἴτιοι</span> <span class='ocrx_word' id='word_1_87' title='bbox 335 979 593 1029; x_wconf 79' lang='grc' dir='ltr'>γεγενημένοι.</span> 
     </span>
    </p>
   </div>
   <div class='ocr_carea' id='block_1_4' title="bbox 182 1080 1738 1743">
    <p class='ocr_par' dir='ltr' id='par_1_4' title="bbox 182 1080 1738 1743">
     <span class='ocr_line' id='line_1_12' title="bbox 290 1080 1732 1135; baseline 0 -16"><span class='ocrx_word' id='word_1_88' title='bbox 290 1080 403 1130; x_wconf 78' lang='lat' dir='ltr'>Quae</span> <span class='ocrx_word' id='word_1_89' title='bbox 433 1094 563 1132; x_wconf 88' lang='lat' dir='ltr'>quum</span> <span class='ocrx_word' id='word_1_90' title='bbox 590 1082 652 1122; x_wconf 90' lang='lat' dir='ltr'>ita</span> <span class='ocrx_word' id='word_1_91' title='bbox 680 1083 777 1132; x_wconf 85' lang='lat' dir='ltr'>sint,</span> <span class='ocrx_word' id='word_1_92' title='bbox 804 1083 1062 1135; x_wconf 82' lang='lat' dir='ltr'>Diognetum</span> <span class='ocrx_word' id='word_1_93' title='bbox 1089 1083 1410 1133; x_wconf 84' lang='lat' dir='ltr'>profanatorum</span> <span class='ocrx_word' id='word_1_94' title='bbox 1438 1080 1732 1133; x_wconf 87' lang='lat' dir='ltr'>mysteriorum</span> 
     </span>
     <span class='ocr_line' id='line_1_13' title="bbox 184 1157 1736 1211; baseline 0 -14"><span class='ocrx_word' id='word_1_95' title='bbox 184 1162 428 1199; x_wconf 86' lang='lat' dir='ltr'>accusatum</span> <span class='ocrx_word' id='word_1_96' title='bbox 463 1159 506 1199; x_wconf 90' lang='lat' dir='ltr'>in</span> <span class='ocrx_word' id='word_1_97' title='bbox 545 1161 717 1201; x_wconf 86' lang='lat' dir='ltr'>exilium</span> <span class='ocrx_word' id='word_1_98' title='bbox 751 1161 887 1211; x_wconf 85' lang='lat' dir='ltr'>ivisse,</span> <span class='ocrx_word' id='word_1_99' title='bbox 916 1161 1186 1201; x_wconf 86' lang='lat' dir='ltr'>statuendum</span> <span class='ocrx_word' id='word_1_100' title='bbox 1218 1172 1303 1199; x_wconf 91' lang='lat' dir='ltr'>non</span> <span class='ocrx_word' id='word_1_101' title='bbox 1333 1163 1412 1210; x_wconf 82' lang='lat' dir='ltr'>est3</span> <span class='ocrx_word' id='word_1_102' title='bbox 1454 1163 1496 1200; x_wconf 86' lang='lat' dir='ltr'>et</span> <span class='ocrx_word' id='word_1_103' title='bbox 1529 1157 1736 1199; x_wconf 89' lang='lat' dir='ltr'>Marcelli-</span> 
     </span>
     <span class='ocr_line' id='line_1_14' title="bbox 185 1234 1738 1289; baseline -0.001 -15"><span class='ocrx_word' id='word_1_104' title='bbox 185 1238 338 1288; x_wconf 58' lang='lat' dir='ltr'>nusw)</span> <span class='ocrx_word' id='word_1_105' title='bbox 376 1237 548 1287; x_wconf 89' lang='lat' dir='ltr'>quidem</span> <span class='ocrx_word' id='word_1_106' title='bbox 585 1237 628 1276; x_wconf 89' lang='lat' dir='ltr'>in</span> <span class='ocrx_word' id='word_1_107' title='bbox 665 1238 752 1277; x_wconf 91' lang='lat' dir='ltr'>vita</span> <span class='ocrx_word' id='word_1_108' title='bbox 789 1237 1061 1289; x_wconf 89' lang='lat' dir='ltr'>Thucydidea</span> <span class='ocrx_word' id='word_1_109' title='bbox 1096 1239 1150 1289; x_wconf 89' lang='lat' dir='ltr'>(p.</span> <span class='ocrx_word' id='word_1_110' title='bbox 1179 1238 1214 1286; x_wconf 88' lang='grc'>6,</span> <span class='ocrx_word' id='word_1_111' title='bbox 1243 1236 1335 1288; x_wconf 92' lang='lat' dir='ltr'>Bk.)</span> <span class='ocrx_word' id='word_1_112' title='bbox 1371 1235 1491 1275; x_wconf 87' lang='lat' dir='ltr'>clade</span> <span class='ocrx_word' id='word_1_113' title='bbox 1529 1234 1738 1275; x_wconf 86' lang='lat' dir='ltr'>Siciliensi</span> 
     </span>
     <span class='ocr_line' id='line_1_15' title="bbox 183 1312 1736 1367; baseline -0.001 -16"><span class='ocrx_word' id='word_1_114' title='bbox 183 1316 359 1364; x_wconf 85' lang='lat' dir='ltr'>accepta</span> <span class='ocrx_word' id='word_1_115' title='bbox 387 1314 526 1354; x_wconf 86' lang='lat' dir='ltr'>media</span> <span class='ocrx_word' id='word_1_116' title='bbox 555 1318 714 1354; x_wconf 83' lang='lat' dir='ltr'>aestate</span> <span class='ocrx_word' id='word_1_117' title='bbox 742 1316 795 1354; x_wconf 89' lang='lat' dir='ltr'>ol.</span> <span class='ocrx_word' id='word_1_118' title='bbox 823 1317 885 1364; x_wconf 82' lang='lat'>91,</span> <span class='ocrx_word' id='word_1_119' title='bbox 913 1317 939 1353; x_wconf 87' lang='lat'>4</span> <span class='ocrx_word' id='word_1_120' title='bbox 975 1315 1111 1367; x_wconf 87' lang='lat' dir='ltr'>legem</span> <span class='ocrx_word' id='word_1_121' title='bbox 1140 1314 1377 1363; x_wconf 88' lang='lat' dir='ltr'>oblivionis,</span> <span class='ocrx_word' id='word_1_122' title='bbox 1414 1316 1461 1352; x_wconf 89' lang='lat' dir='ltr'>ut</span> <span class='ocrx_word' id='word_1_123' title='bbox 1491 1313 1551 1352; x_wconf 92' lang='lat' dir='ltr'>ita</span> <span class='ocrx_word' id='word_1_124' title='bbox 1586 1312 1736 1360; x_wconf 86' lang='lat' dir='ltr'>dicam,</span> 
     </span>
     <span class='ocr_line' id='line_1_16' title="bbox 184 1391 1738 1444; baseline 0 -15"><span class='ocrx_word' id='word_1_125' title='bbox 184 1391 402 1443; x_wconf 85' lang='lat' dir='ltr'>vulgarem</span> <span class='ocrx_word' id='word_1_126' title='bbox 431 1392 560 1432; x_wconf 87' lang='lat' dir='ltr'>latam</span> <span class='ocrx_word' id='word_1_127' title='bbox 592 1406 682 1433; x_wconf 87' lang='lat' dir='ltr'>esse</span> <span class='ocrx_word' id='word_1_128' title='bbox 716 1393 943 1433; x_wconf 88' lang='lat' dir='ltr'>memoriae</span> <span class='ocrx_word' id='word_1_129' title='bbox 980 1393 1183 1444; x_wconf 82' lang='lat' dir='ltr'>prodidit.</span> <span class='ocrx_word' id='word_1_130' title='bbox 1240 1392 1358 1432; x_wconf 88' lang='lat' dir='ltr'>cuius</span> <span class='ocrx_word' id='word_1_131' title='bbox 1395 1395 1588 1443; x_wconf 88' lang='lat' dir='ltr'>expertes</span> <span class='ocrx_word' id='word_1_132' title='bbox 1617 1393 1738 1430; x_wconf 88' lang='lat' dir='ltr'>erant</span> 
     </span>
     <span class='ocr_line' id='line_1_17' title="bbox 185 1468 1736 1523; baseline -0.001 -16"><span class='ocrx_word' id='word_1_133' title='bbox 185 1469 257 1519; x_wconf 89' lang='lat' dir='ltr'>qui</span> <span class='ocrx_word' id='word_1_134' title='bbox 286 1469 553 1510; x_wconf 87' lang='lat' dir='ltr'>Alcibiadem</span> <span class='ocrx_word' id='word_1_135' title='bbox 586 1471 763 1523; x_wconf 90' lang='lat' dir='ltr'>eiusque</span> <span class='ocrx_word' id='word_1_136' title='bbox 792 1474 1035 1523; x_wconf 86' lang='lat' dir='ltr'>cognatum,</span> <span class='ocrx_word' id='word_1_137' title='bbox 1064 1472 1131 1511; x_wconf 88' lang='lat' dir='ltr'>cui</span> <span class='ocrx_word' id='word_1_138' title='bbox 1161 1470 1274 1511; x_wconf 89' lang='lat' dir='ltr'>idem</span> <span class='ocrx_word' id='word_1_139' title='bbox 1293 1483 1446 1510; x_wconf 92' lang='lat' dir='ltr'>nomen</span> <span class='ocrx_word' id='word_1_140' title='bbox 1473 1472 1574 1519; x_wconf 88' lang='lat' dir='ltr'>erat,</span> <span class='ocrx_word' id='word_1_141' title='bbox 1603 1468 1736 1508; x_wconf 89' lang='lat' dir='ltr'>secuti</span> 
     </span>
     <span class='ocr_line' id='line_1_18' title="bbox 184 1541 1735 1601; baseline 0.001 -16"><span class='ocrx_word' id='word_1_142' title='bbox 184 1541 278 1585; x_wconf 87' lang='lat' dir='ltr'>cum</span> <span class='ocrx_word' id='word_1_143' title='bbox 308 1547 514 1597; x_wconf 87' lang='lat' dir='ltr'>hostibus,</span> <span class='ocrx_word' id='word_1_144' title='bbox 552 1549 590 1588; x_wconf 85' lang='lat' dir='ltr'>h.</span> <span class='ocrx_word' id='word_1_145' title='bbox 621 1563 653 1589; x_wconf 90' lang='lat' dir='ltr'>e.</span> <span class='ocrx_word' id='word_1_146' title='bbox 693 1549 1064 1600; x_wconf 85' lang='lat' dir='ltr'>Lacedaemoniis,</span> <span class='ocrx_word' id='word_1_147' title='bbox 1100 1550 1264 1601; x_wconf 88' lang='lat' dir='ltr'>patriae</span> <span class='ocrx_word' id='word_1_148' title='bbox 1299 1549 1457 1589; x_wconf 88' lang='lat' dir='ltr'>bellum</span> <span class='ocrx_word' id='word_1_149' title='bbox 1493 1548 1735 1587; x_wconf 87' lang='lat' dir='ltr'>intulerant.</span> 
     </span>
     <span class='ocr_line' id='line_1_19' title="bbox 185 1624 1735 1680; baseline 0 -17"><span class='ocrx_word' id='word_1_150' title='bbox 185 1624 258 1674; x_wconf 91' lang='lat' dir='ltr'>qui</span> <span class='ocrx_word' id='word_1_151' title='bbox 286 1638 387 1665; x_wconf 82' lang='lat' dir='ltr'>vcro</span> <span class='ocrx_word' id='word_1_152' title='bbox 416 1625 574 1665; x_wconf 88' lang='lat' dir='ltr'>factum</span> <span class='ocrx_word' id='word_1_153' title='bbox 604 1630 678 1677; x_wconf 83' lang='lat' dir='ltr'>est,</span> <span class='ocrx_word' id='word_1_154' title='bbox 708 1631 755 1667; x_wconf 92' lang='lat' dir='ltr'>ut</span> <span class='ocrx_word' id='word_1_155' title='bbox 774 1628 1010 1680; x_wconf 82' lang='lat' dir='ltr'>Diognetus</span> <span class='ocrx_word' id='word_1_156' title='bbox 1038 1632 1180 1667; x_wconf 89' lang='lat' dir='ltr'>tamen</span> <span class='ocrx_word' id='word_1_157' title='bbox 1198 1627 1375 1666; x_wconf 79' lang='lat' dir='ltr'>Athenis</span> <span class='ocrx_word' id='word_1_158' title='bbox 1405 1626 1538 1676; x_wconf 88' lang='lat' dir='ltr'>captis</span> <span class='ocrx_word' id='word_1_159' title='bbox 1568 1625 1735 1664; x_wconf 87' lang='lat' dir='ltr'>demum</span> 
     </span>
     <span class='ocr_line' id='line_1_20' title="bbox 182 1703 498 1743; baseline 0.013 -4"><span class='ocrx_word' id='word_1_160' title='bbox 182 1705 466 1743; x_wconf 84' lang='lat' dir='ltr'>reverteretur</span> <span class='ocrx_word' id='word_1_161' title='bbox 477 1703 498 1743; x_wconf 70' lang='lat'>‘3</span> 
     </span>
    </p>
   </div>
   <div class='ocr_carea' id='block_1_5' title="bbox 131 1806 1734 2791">
    <p class='ocr_par' dir='ltr' id='par_1_5' title="bbox 131 1806 1734 2791">
     <span class='ocr_line' id='line_1_21' title="bbox 286 1806 1732 1859; baseline 0 -15"><span class='ocrx_word' id='word_1_162' title='bbox 286 1806 428 1856; x_wconf 85' lang='lat' dir='ltr'>Atque</span> <span class='ocrx_word' id='word_1_163' title='bbox 455 1806 715 1859; x_wconf 87' lang='lat' dir='ltr'>Diognetum</span> <span class='ocrx_word' id='word_1_164' title='bbox 744 1807 966 1847; x_wconf 88' lang='lat' dir='ltr'>Deceleam</span> <span class='ocrx_word' id='word_1_165' title='bbox 1004 1820 1087 1846; x_wconf 91' lang='lat' dir='ltr'>non</span> <span class='ocrx_word' id='word_1_166' title='bbox 1114 1808 1367 1859; x_wconf 89' lang='lat' dir='ltr'>pervenisse,</span> <span class='ocrx_word' id='word_1_167' title='bbox 1395 1806 1434 1845; x_wconf 93' lang='lat' dir='ltr'>h.</span> <span class='ocrx_word' id='word_1_168' title='bbox 1464 1817 1497 1844; x_wconf 94' lang='lat' dir='ltr'>e.</span> <span class='ocrx_word' id='word_1_169' title='bbox 1528 1815 1612 1842; x_wconf 92' lang='lat' dir='ltr'>non</span> <span class='ocrx_word' id='word_1_170' title='bbox 1640 1819 1732 1855; x_wconf 82' lang='grc' dir='ltr'>προ-</span> 
     </span>
     <span class='ocr_line' id='line_1_22' title="bbox 182 1879 1734 1931; baseline 0 -11"><span class='ocrx_word' id='word_1_171' title='bbox 182 1879 300 1931; x_wconf 82' lang='grc' dir='ltr'>δότην</span> <span class='ocrx_word' id='word_1_172' title='bbox 328 1881 456 1921; x_wconf 88' lang='lat' dir='ltr'>fuisse</span> <span class='ocrx_word' id='word_1_173' title='bbox 486 1886 630 1922; x_wconf 91' lang='lat' dir='ltr'>orator</span> <span class='ocrx_word' id='word_1_174' title='bbox 659 1883 793 1923; x_wconf 87' lang='lat' dir='ltr'>docet.</span> <span class='ocrx_word' id='word_1_175' title='bbox 849 1887 891 1922; x_wconf 91' lang='lat' dir='ltr'>et</span> <span class='ocrx_word' id='word_1_176' title='bbox 918 1888 1033 1922; x_wconf 88' lang='lat' dir='ltr'>recte</span> <span class='ocrx_word' id='word_1_177' title='bbox 1061 1882 1184 1922; x_wconf 90' lang='lat' dir='ltr'>huius</span> <span class='ocrx_word' id='word_1_178' title='bbox 1214 1883 1275 1922; x_wconf 89' lang='lat' dir='ltr'>rei</span> <span class='ocrx_word' id='word_1_179' title='bbox 1314 1881 1656 1922; x_wconf 84' lang='lat' dir='ltr'>commemoratio</span> <span class='ocrx_word' id='word_1_180' title='bbox 1696 1880 1734 1920; x_wconf 92' lang='lat' dir='ltr'>ei</span> 
     </span>
     <span class='ocr_line' id='line_1_23' title="bbox 183 1958 1730 2011; baseline 0.001 -15"><span class='ocrx_word' id='word_1_181' title='bbox 183 1958 357 1998; x_wconf 86' lang='lat' dir='ltr'>utilitati</span> <span class='ocrx_word' id='word_1_182' title='bbox 386 1973 475 1999; x_wconf 90' lang='lat' dir='ltr'>esse</span> <span class='ocrx_word' id='word_1_183' title='bbox 511 1961 664 2011; x_wconf 88' lang='lat' dir='ltr'>potuit.</span> <span class='ocrx_word' id='word_1_184' title='bbox 719 1961 996 2001; x_wconf 87' lang='lat' dir='ltr'>Athenienses</span> <span class='ocrx_word' id='word_1_185' title='bbox 1033 1961 1143 2000; x_wconf 89' lang='lat' dir='ltr'>enim</span> <span class='ocrx_word' id='word_1_186' title='bbox 1181 1960 1415 2001; x_wconf 91' lang='lat' dir='ltr'>decrevisse</span> <span class='ocrx_word' id='word_1_187' title='bbox 1456 1963 1503 2000; x_wconf 84' lang='lat' dir='ltr'>ut</span> <span class='ocrx_word' id='word_1_188' title='bbox 1537 1960 1581 1999; x_wconf 91' lang='lat' dir='ltr'>in</span> <span class='ocrx_word' id='word_1_189' title='bbox 1619 1958 1730 1999; x_wconf 90' lang='lat' dir='ltr'>cives</span> 
     </span>
     <span class='ocr_line' id='line_1_24' title="bbox 131 2037 1732 2090; baseline 0.001 -16"><span class='ocrx_word' id='word_1_190' title='bbox 131 2039 133 2041; x_wconf 82' lang='grc'><strong>’</strong></span> <span class='ocrx_word' id='word_1_191' title='bbox 184 2037 256 2087; x_wconf 90' lang='lat' dir='ltr'>qui</span> <span class='ocrx_word' id='word_1_192' title='bbox 274 2038 327 2075; x_wconf 88' lang='lat' dir='ltr'>ad</span> <span class='ocrx_word' id='word_1_193' title='bbox 345 2038 486 2078; x_wconf 86' lang='lat' dir='ltr'>hostes</span> <span class='ocrx_word' id='word_1_194' title='bbox 503 2038 712 2090; x_wconf 84' lang='lat' dir='ltr'>fugissent</span> <span class='ocrx_word' id='word_1_195' title='bbox 727 2040 978 2079; x_wconf 79' lang='lat' dir='ltr'>crudelitate</span> <span class='ocrx_word' id='word_1_196' title='bbox 995 2053 1155 2080; x_wconf 91' lang='lat' dir='ltr'>summa</span> <span class='ocrx_word' id='word_1_197' title='bbox 1175 2042 1415 2086; x_wconf 85' lang='lat' dir='ltr'>uterentur,</span> <span class='ocrx_word' id='word_1_198' title='bbox 1437 2038 1732 2089; x_wconf 62' lang='lat' dir='ltr'>Lycurgusv)</span> 
     </span>
     <span class='ocr_line' id='line_1_25' title="bbox 182 2114 1732 2169; baseline 0.001 -17"><span class='ocrx_word' id='word_1_199' title='bbox 182 2114 387 2154; x_wconf 85' lang='lat' dir='ltr'>memoria</span> <span class='ocrx_word' id='word_1_200' title='bbox 413 2115 622 2166; x_wconf 82' lang='lat' dir='ltr'>prodidit3</span> <span class='ocrx_word' id='word_1_201' title='bbox 657 2115 855 2168; x_wconf 87' lang='lat' dir='ltr'>idemque</span> <span class='ocrx_word' id='word_1_202' title='bbox 893 2116 1001 2157; x_wconf 89' lang='lat' dir='ltr'>dixit</span> <span class='ocrx_word' id='word_1_203' title='bbox 1036 2130 1125 2156; x_wconf 87' lang='lat' dir='ltr'>eam</span> <span class='ocrx_word' id='word_1_204' title='bbox 1158 2117 1295 2169; x_wconf 89' lang='lat' dir='ltr'>legem</span> <span class='ocrx_word' id='word_1_205' title='bbox 1331 2115 1459 2155; x_wconf 83' lang='lat' dir='ltr'>latam</span> <span class='ocrx_word' id='word_1_206' title='bbox 1489 2127 1589 2164; x_wconf 88' lang='lat' dir='ltr'>esse,</span> <span class='ocrx_word' id='word_1_207' title='bbox 1617 2116 1732 2165; x_wconf 86' lang='lat' dir='ltr'>post-</span> 
     </span>
     <span class='ocr_line' id='line_1_26' title="bbox 183 2192 1733 2245; baseline 0 -15"><span class='ocrx_word' id='word_1_208' title='bbox 183 2206 309 2242; x_wconf 87' lang='lat' dir='ltr'>quam</span> <span class='ocrx_word' id='word_1_209' title='bbox 330 2194 521 2232; x_wconf 89' lang='lat' dir='ltr'>nonnulli</span> <span class='ocrx_word' id='word_1_210' title='bbox 543 2195 765 2234; x_wconf 87' lang='lat' dir='ltr'>Deceleam</span> <span class='ocrx_word' id='word_1_211' title='bbox 793 2195 973 2245; x_wconf 88' lang='lat' dir='ltr'>profecti</span> <span class='ocrx_word' id='word_1_212' title='bbox 994 2199 1109 2244; x_wconf 83' lang='lat' dir='ltr'>sunt3</span> <span class='ocrx_word' id='word_1_213' title='bbox 1137 2197 1356 2245; x_wconf 84' lang='lat' dir='ltr'>praeterea</span> <span class='ocrx_word' id='word_1_214' title='bbox 1375 2194 1532 2233; x_wconf 83' lang='lat' dir='ltr'>mentio</span> <span class='ocrx_word' id='word_1_215' title='bbox 1562 2192 1733 2231; x_wconf 90' lang='lat' dir='ltr'>alterius</span> 
     </span>
     <span class='ocr_line' id='line_1_27' title="bbox 182 2270 1733 2326; baseline 0 -18"><span class='ocrx_word' id='word_1_216' title='bbox 182 2270 288 2322; x_wconf 89' lang='lat' dir='ltr'>legis</span> <span class='ocrx_word' id='word_1_217' title='bbox 319 2270 379 2320; x_wconf 91' lang='lat' dir='ltr'>fit,</span> <span class='ocrx_word' id='word_1_218' title='bbox 410 2284 538 2322; x_wconf 88' lang='lat' dir='ltr'>quam</span> <span class='ocrx_word' id='word_1_219' title='bbox 566 2272 695 2312; x_wconf 88' lang='lat' dir='ltr'>latam</span> <span class='ocrx_word' id='word_1_220' title='bbox 724 2285 813 2313; x_wconf 85' lang='lat' dir='ltr'>esse</span> <span class='ocrx_word' id='word_1_221' title='bbox 841 2278 938 2324; x_wconf 91' lang='lat' dir='ltr'>post</span> <span class='ocrx_word' id='word_1_222' title='bbox 965 2274 1100 2326; x_wconf 86' lang='lat' dir='ltr'>legem</span> <span class='ocrx_word' id='word_1_223' title='bbox 1130 2273 1181 2313; x_wconf 93' lang='lat' dir='ltr'>de</span> <span class='ocrx_word' id='word_1_224' title='bbox 1210 2272 1446 2324; x_wconf 85' lang='lat' dir='ltr'>Phrynicho</span> <span class='ocrx_word' id='word_1_225' title='bbox 1477 2272 1654 2321; x_wconf 89' lang='lat' dir='ltr'>apparet</span> <span class='ocrx_word' id='word_1_226' title='bbox 1682 2283 1733 2309; x_wconf 86' lang='lat' dir='ltr'>ex</span> 
     </span>
     <span class='ocr_line' id='line_1_28' title="bbox 181 2344 1732 2403; baseline 0 -17"><span class='ocrx_word' id='word_1_227' title='bbox 181 2348 203 2400; x_wconf 62' lang='grc' dir='ltr'>ξ</span> <span class='ocrx_word' id='word_1_228' title='bbox 235 2349 326 2387; x_wconf 81' lang='grc'><strong>116;</strong></span> <span class='ocrx_word' id='word_1_229' title='bbox 358 2349 392 2389; x_wconf 76' lang='grc' dir='ltr'>εἰ</span> <span class='ocrx_word' id='word_1_230' title='bbox 412 2349 481 2400; x_wconf 81' lang='grc' dir='ltr'>μὲν</span> <span class='ocrx_word' id='word_1_231' title='bbox 502 2349 539 2389; x_wconf 81' lang='grc' dir='ltr'>ἕν</span> <span class='ocrx_word' id='word_1_232' title='bbox 559 2365 596 2390; x_wconf 70' lang='grc' dir='ltr'>τ’.</span> <span class='ocrx_word' id='word_1_233' title='bbox 617 2352 789 2391; x_wconf 71' lang='grc' dir='ltr'>τοιοῦτον</span> <span class='ocrx_word' id='word_1_234' title='bbox 817 2350 971 2403; x_wconf 76' lang='grc' dir='ltr'>γεγονὸς</span> <span class='ocrx_word' id='word_1_235' title='bbox 999 2345 1045 2402; x_wconf 68' lang='grc' dir='ltr'>ἦν</span> <span class='ocrx_word' id='word_1_236' title='bbox 1076 2350 1286 2403; x_wconf 69' lang='grc' dir='ltr'>ψήφισμα,</span> <span class='ocrx_word' id='word_1_237' title='bbox 1325 2348 1426 2402; x_wconf 74' lang='grc' dir='ltr'>εἶχεν</span> <span class='ocrx_word' id='word_1_238' title='bbox 1460 2344 1504 2389; x_wconf 78' lang='grc' dir='ltr'>ἄν</span> <span class='ocrx_word' id='word_1_239' title='bbox 1525 2362 1582 2393; x_wconf 80' lang='grc' dir='ltr'>τις</span> <span class='ocrx_word' id='word_1_240' title='bbox 1611 2348 1732 2387; x_wconf 79' lang='grc' dir='ltr'>εἰπεῖν</span> 
     </span>
     <span class='ocr_line' id='line_1_29' title="bbox 182 2424 1732 2480; baseline -0.001 -14"><span class='ocrx_word' id='word_1_241' title='bbox 182 2424 233 2471; x_wconf 85' lang='grc' dir='ltr'>ὡς</span> <span class='ocrx_word' id='word_1_242' title='bbox 261 2430 311 2467; x_wconf 74' lang='grc' dir='ltr'>δι’</span> <span class='ocrx_word' id='word_1_243' title='bbox 333 2425 448 2478; x_wconf 75' lang='grc' dir='ltr'>ὀργὴν</span> <span class='ocrx_word' id='word_1_244' title='bbox 478 2430 621 2478; x_wconf 78' lang='grc' dir='ltr'>μᾶλλον</span> <span class='ocrx_word' id='word_1_245' title='bbox 650 2424 675 2479; x_wconf 71' lang='grc' dir='ltr'>ἢ</span> <span class='ocrx_word' id='word_1_246' title='bbox 696 2431 748 2468; x_wconf 82' lang='grc' dir='ltr'>δι’</span> <span class='ocrx_word' id='word_1_247' title='bbox 769 2426 951 2480; x_wconf 63' lang='grc' dir='ltr'>ἀλήξῖειαν</span> <span class='ocrx_word' id='word_1_248' title='bbox 973 2428 1217 2480; x_wconf 71' lang='grc' dir='ltr'>ἐποιήσαντο.</span> <span class='ocrx_word' id='word_1_249' title='bbox 1267 2429 1392 2468; x_wconf 87' lang='lat' dir='ltr'>etiam</span> <span class='ocrx_word' id='word_1_250' title='bbox 1413 2427 1483 2466; x_wconf 92' lang='lat' dir='ltr'>alii</span> <span class='ocrx_word' id='word_1_251' title='bbox 1505 2427 1732 2477; x_wconf 87' lang='lat' dir='ltr'>scriptores</span> 
     </span>
     <span class='ocr_line' id='line_1_30' title="bbox 181 2504 1733 2558; baseline 0 -15"><span class='ocrx_word' id='word_1_252' title='bbox 181 2505 318 2556; x_wconf 86' lang='lat' dir='ltr'>legem</span> <span class='ocrx_word' id='word_1_253' title='bbox 356 2504 408 2544; x_wconf 90' lang='lat' dir='ltr'>de</span> <span class='ocrx_word' id='word_1_254' title='bbox 445 2504 635 2558; x_wconf 86' lang='lat' dir='ltr'>perfugis</span> <span class='ocrx_word' id='word_1_255' title='bbox 673 2506 725 2545; x_wconf 88' lang='lat' dir='ltr'>ad</span> <span class='ocrx_word' id='word_1_256' title='bbox 771 2506 911 2546; x_wconf 89' lang='lat' dir='ltr'>hostes</span> <span class='ocrx_word' id='word_1_257' title='bbox 949 2512 1046 2558; x_wconf 91' lang='lat' dir='ltr'>post</span> <span class='ocrx_word' id='word_1_258' title='bbox 1090 2505 1498 2558; x_wconf 87' lang='lat' dir='ltr'>quadringentorum</span> <span class='ocrx_word' id='word_1_259' title='bbox 1542 2508 1733 2555; x_wconf 90' lang='lat' dir='ltr'>tempora</span> 
     </span>
     <span class='ocr_line' id='line_1_31' title="bbox 181 2582 1732 2635; baseline 0.001 -15"><span class='ocrx_word' id='word_1_260' title='bbox 181 2582 308 2621; x_wconf 85' lang='lat' dir='ltr'>latam</span> <span class='ocrx_word' id='word_1_261' title='bbox 346 2595 435 2622; x_wconf 88' lang='lat' dir='ltr'>esse</span> <span class='ocrx_word' id='word_1_262' title='bbox 473 2583 762 2633; x_wconf 77' lang='lat' dir='ltr'>tradiderunt3</span> <span class='ocrx_word' id='word_1_263' title='bbox 800 2586 917 2624; x_wconf 88' lang='lat' dir='ltr'>velut</span> <span class='ocrx_word' id='word_1_264' title='bbox 955 2585 1222 2635; x_wconf 75' lang='lat' dir='ltr'>Thucydides</span> <span class='ocrx_word' id='word_1_265' title='bbox 1268 2584 1472 2635; x_wconf 90' lang='lat' dir='ltr'>quosdam</span> <span class='ocrx_word' id='word_1_266' title='bbox 1510 2583 1732 2623; x_wconf 85' lang='lat' dir='ltr'>Deceleam</span> 
     </span>
     <span class='ocr_line' id='line_1_32' title="bbox 180 2659 1731 2714; baseline -0.001 -15"><span class='ocrx_word' id='word_1_267' title='bbox 180 2659 339 2712; x_wconf 86' lang='lat' dir='ltr'>fugisse</span> <span class='ocrx_word' id='word_1_268' title='bbox 368 2660 433 2700; x_wconf 93' lang='lat' dir='ltr'>bis</span> <span class='ocrx_word' id='word_1_269' title='bbox 461 2662 690 2701; x_wconf 85' lang='lat' dir='ltr'>memoriae</span> <span class='ocrx_word' id='word_1_270' title='bbox 710 2662 913 2714; x_wconf 86' lang='lat' dir='ltr'>prodidit,</span> <span class='ocrx_word' id='word_1_271' title='bbox 941 2663 1124 2714; x_wconf 90' lang='lat' dir='ltr'>primum</span> <span class='ocrx_word' id='word_1_272' title='bbox 1147 2662 1236 2712; x_wconf 89' lang='lat' dir='ltr'>V11,</span> <span class='ocrx_word' id='word_1_273' title='bbox 1257 2663 1306 2702; x_wconf 82' lang='lat'>27</span> <span class='ocrx_word' id='word_1_274' title='bbox 1334 2661 1486 2714; x_wconf 88' lang='lat' dir='ltr'>viginti</span> <span class='ocrx_word' id='word_1_275' title='bbox 1505 2660 1620 2699; x_wconf 90' lang='lat' dir='ltr'>milia</span> <span class='ocrx_word' id='word_1_276' title='bbox 1648 2673 1731 2699; x_wconf 91' lang='lat' dir='ltr'>ser—</span> 
     </span>
     <span class='ocr_line' id='line_1_33' title="bbox 181 2738 1733 2791; baseline 0.002 -15"><span class='ocrx_word' id='word_1_277' title='bbox 181 2752 330 2777; x_wconf 90' lang='lat' dir='ltr'>vorum</span> <span class='ocrx_word' id='word_1_278' title='bbox 368 2740 512 2790; x_wconf 89' lang='lat' dir='ltr'>paullo</span> <span class='ocrx_word' id='word_1_279' title='bbox 548 2745 647 2791; x_wconf 91' lang='lat' dir='ltr'>post</span> <span class='ocrx_word' id='word_1_280' title='bbox 684 2741 905 2781; x_wconf 87' lang='lat' dir='ltr'>Deceleam</span> <span class='ocrx_word' id='word_1_281' title='bbox 941 2742 1148 2780; x_wconf 88' lang='lat' dir='ltr'>munitam</span> <span class='ocrx_word' id='word_1_282' title='bbox 1190 2754 1238 2780; x_wconf 90' lang='lat' dir='ltr'>eo</span> <span class='ocrx_word' id='word_1_283' title='bbox 1281 2740 1543 2791; x_wconf 87' lang='lat' dir='ltr'>pervenisse;</span> <span class='ocrx_word' id='word_1_284' title='bbox 1581 2738 1733 2779; x_wconf 86' lang='lat' dir='ltr'>deinde</span> 
     </span>
    </p>
   </div>
   <div class='ocr_carea' id='block_1_6' title="bbox 184 2895 1733 3001">
    <p class='ocr_par' dir='ltr' id='par_1_6' title="bbox 184 2895 1733 3001">
     <span class='ocr_line' id='line_1_34' title="bbox 288 2895 1733 2951; baseline -0.001 -17"><span class='ocrx_word' id='word_1_285' title='bbox 288 2896 347 2945; x_wconf 81' lang='lat'>⁴⁶)</span> <span class='ocrx_word' id='word_1_286' title='bbox 377 2896 665 2936; x_wconf 86' lang='lat' dir='ltr'>Kirchhoffius</span> <span class='ocrx_word' id='word_1_287' title='bbox 695 2897 829 2935; x_wconf 80' lang='lat' dir='ltr'>annal.</span> <span class='ocrx_word' id='word_1_288' title='bbox 859 2897 1005 2947; x_wconf 88' lang='lat' dir='ltr'>philol.</span> <span class='ocrx_word' id='word_1_289' title='bbox 1035 2900 1076 2935; x_wconf 90' lang='lat' dir='ltr'>et</span> <span class='ocrx_word' id='word_1_290' title='bbox 1104 2896 1281 2951; x_wconf 83' lang='lat' dir='ltr'>paedag.</span> <span class='ocrx_word' id='word_1_291' title='bbox 1313 2908 1346 2933; x_wconf 88' lang='lat' dir='ltr'>a.</span> <span class='ocrx_word' id='word_1_292' title='bbox 1384 2896 1482 2933; x_wconf 81' lang='lat'>1862</span> <span class='ocrx_word' id='word_1_293' title='bbox 1512 2907 1553 2948; x_wconf 82' lang='lat' dir='ltr'>p.</span> <span class='ocrx_word' id='word_1_294' title='bbox 1575 2895 1661 2933; x_wconf 81' lang='lat'>248.</span> <span class='ocrx_word' id='word_1_295' title='bbox 1685 2916 1733 2922; x_wconf 92' lang='lat'>—-</span> 
     </span>
     <span class='ocr_line' id='line_1_35' title="bbox 184 2947 653 3001; baseline 0.006 -16"><span class='ocrx_word' id='word_1_296' title='bbox 184 2947 245 2999; x_wconf 68' lang='lat'>4⁷)</span> <span class='ocrx_word' id='word_1_297' title='bbox 275 2960 308 2991; x_wconf 84' lang='lat' dir='ltr'>c.</span> <span class='ocrx_word' id='word_1_298' title='bbox 338 2948 483 2989; x_wconf 86' lang='lat' dir='ltr'>Lcocr.</span> <span class='ocrx_word' id='word_1_299' title='bbox 515 2949 537 3001; x_wconf 63' lang='grc' dir='ltr'>ἓ</span> <span class='ocrx_word' id='word_1_300' title='bbox 567 2951 653 2991; x_wconf 84' lang='grc'><strong>120.</strong></span> 
     </span>
    </p>
   </div>
  </div>
 </body>
</html>
