1895 3322
896 110 952 156 17

154 242 262 280 hanc
290 239 472 298 intendit
500 238 628 286 litem,
658 250 783 276 causa
810 236 964 276 cecidit
984 240 1025 276 et
1053 244 1144 292 eam
1172 237 1225 276 ob
1252 249 1342 275 rem
1362 236 1586 275 Poliochus
1614 249 1699 275 non

152 318 278 358 modo
307 318 524 358 absolutus
554 319 616 356 est
645 328 789 355 verum
821 315 946 355 etiam
974 318 1123 356 auctor
1149 314 1230 355 fuit
1255 327 1324 365 ne,
1354 313 1427 366 qui
1455 313 1563 353 hanc
1592 325 1699 365 quae

152 395 196 435 in
222 395 416 435 manibus
445 397 509 434 est
527 393 762 433 orationem
782 392 941 443 habuit,
969 389 1091 433 bonis
1111 393 1351 444 privaretur
1370 392 1531 452 patriis.
1559 395 1697 441 poste-

151 473 263 512 riore
290 476 431 512 autem
459 474 596 512 aetate
623 470 845 510 Poliochus
874 470 1068 511 discessit
1096 471 1148 511 ab
1179 484 1226 510 eo
1256 470 1444 519 consilio,
1483 481 1567 520 quo
1598 481 1696 508 usus

158 552 248 589 erat
274 549 318 588 in
345 549 487 600 priore
520 561 645 588 causa
672 547 837 600 agenda
872 550 913 587 et
946 547 1037 599 ipse
1070 546 1281 588 iudicibus
1319 546 1494 587 suadere
1523 551 1698 586 conatus

159 630 234 675 est,
264 630 311 666 ut
338 626 450 665 bona
461 611 541 664 'illa
559 625 731 676 publica
758 624 909 664 fierent
928 629 1067 676 atque,
1096 625 1211 676 quod
1237 625 1348 664 idem
1368 627 1443 673 est,
1469 624 1698 663 Athenien-

158 718 221 744 scs
252 703 463 744 contraria
491 703 542 743 de
571 702 715 743 eadem
749 716 795 742 re
821 703 979 743 iudicia
1012 703 1210 743 facerent.
1266 701 1379 754 quod
1413 702 1545 755 igitur
1571 702 1700 742 verba

160 782 182 834 ξ
215 783 263 820 14
288 782 348 820 ita
382 781 652 832 explicamus,
689 780 904 831 sequimur
940 793 1010 821 eos
1046 782 1118 832 qui
1153 784 1249 821 ante
1274 781 1557 821 Hamakerum
1592 781 1700 820 hanc

150 861 384 899 orationem
424 859 809 910 duodevigesimam
850 859 1154 898 accusatoriam
1195 872 1285 899 esse
1319 858 1572 898 iudicarunt.
1621 856 1695 897 sed

160 949 413 988 quamquam
434 936 580 987 negari
599 939 855 986 non'potest‚
883 938 929 974 ut
959 935 1211 975 Franckenii
1239 935 1378 975 verbis
1407 938 1514 984 utar,
1541 938 1699 985 „totum

146 1013 363 1053 ‘orationis
407 1011 590 1051 colorem
632 1023 716 1050 non
766 1011 990 1050 convenire
1039 1012 1298 1051 accusationi
1350 1012 1424 1051 sed
1472 1011 1700 1050 defensioni

157 1091 458 1141 aptissimum“,
487 1091 567 1129 hoc
597 1090 767 1140 quidem
795 1102 1032 1140 repugnare
1060 1102 1144 1128 non
1164 1089 1332 1129 videtur
1361 1089 1550 1140 opinioni
1578 1089 1701 1128 Hoel-

154 1166 292 1217 ‘scheri
329 1167 485 1219 quique
521 1179 615 1206 eum
651 1167 895 1217 sequuntur.
948 1178 1045 1204 nam
1082 1179 1132 1205 ex
1169 1166 1192 1218 ξ
1221 1168 1242 1205 1
1277 1166 1556 1219 intellegitur,
1593 1165 1702 1204 filios

153 1245 350 1284 Euoratis
389 1242 460 1295 „05
497 1244 611 1296 μόνον
646 1245 734 1296 περὶ
770 1246 842 1295 τῆς
880 1242 1016 1290 οὐσίας
1059 1242 1335 1296 ἀγωνίζεσθαι,
1384 1242 1479 1285 ἀλλὰ
1520 1245 1587 1284 καὶ
1614 1244 1702 1294 περὶ

151 1324 223 1374 τῆς
251 1324 458 1373 πολιτείας,
489 1323 523 1362 εἰ
543 1321 617 1375 χρὴ
648 1323 1020 1374 δημοκρατουμένης
1046 1324 1119 1374 τῆς
1145 1322 1296 1368 πόλεως
1324 1318 1459 1368 αὐτοῖς
1487 1322 1699 1373 μετεῖναι.“

158 1412 207 1439 ac
235 1400 270 1439 si
298 1399 361 1438 his
392 1398 443 1438 de
470 1399 594 1438 rebus
624 1412 732 1450 quae
759 1412 843 1439 non
863 1405 962 1439 sunt
987 1399 1271 1439 aestimandae
1298 1400 1420 1450 parvi
1439 1399 1591 1450 agitur,
1618 1411 1703 1437 non

154 1479 307 1517 mirum
335 1490 424 1516 esse
444 1478 596 1527 opinor
617 1477 730 1528 quod
759 1481 902 1518 orator
921 1478 974 1517 ad
995 1491 1137 1519 omnes
1159 1491 1225 1518 res
1255 1491 1547 1530 quaecumque
1578 1477 1701 1517 utiles

159 1555 404 1595 viderentur
434 1554 591 1608 refugit
618 1560 745 1606 atque
773 1556 1036 1608 supplicibus
1066 1569 1164 1596 usus
1195 1559 1258 1596 est
1285 1555 1438 1595 verbis.

263 1657 344 1698 Sed
384 1657 528 1698 redeat
557 1658 690 1698 oratio
720 1658 831 1699 unde
870 1659 1094 1703 aberravit.
1147 1659 1446 1710 interpretatus
1482 1671 1573 1698 sum
1602 1658 1624 1711 ξ
1656 1658 1704 1697 14

160 1737 219 1776 ita
247 1740 295 1776 ut
322 1737 450 1776 verba
479 1749 585 1786 quae
612 1741 709 1776 sunt
736 1737 966 1789 παρανόμων
995 1738 1206 1790 φεύγοντος
1233 1740 1299 1778 τοῦ
1332 1734 1449 1777 αὐτοῦ
1479 1733 1615 1787 ἀνδρός
1642 1720 1704 1775 in-

161 1814 307 1866 tellegi
334 1814 508 1865 possint.
564 1814 647 1852 iam
676 1828 775 1854 vero
798 1816 1017 1867 quaeritur
1044 1819 1186 1856 utrum
1205 1815 1430 1855 Poliochus
1459 1813 1706 1853 dissuaserit

161 1906 213 1931 ne
255 1893 364 1931 bona
405 1892 617 1932 Eucratea
656 1895 828 1944 publica
868 1894 1083 1944 fierent,
1129 1908 1181 1933 an
1222 1893 1402 1933 suaserit
1441 1903 1493 1931 ne
1533 1890 1706 1942 publiea

160 1972 430 2009 manerent
458 1973 584 2022 atque
613 1984 696 2023 quo
716 1971 842 2011 modo
871 1971 1028 2012 factum
1047 1972 1102 2012 sit
1129 1974 1176 2011 ut
1200 1974 1299 2023 post
1325 1970 1509 2010 reditum
1537 1969 1706 2010 exulum

161 2047 203 2085 in
232 2047 379 2086 urbem
407 2048 478 2086 ille
505 2048 613 2087 hanc
640 2048 768 2089 ferret
795 2050 943 2101 legem.
999 2064 1048 2089 ac
1076 2051 1260 2100 primum
1289 2049 1460 2099 quidem
1489 2062 1540 2087 ex
1566 2048 1706 2087 verbis

162 2137 268 2174 quae
305 2124 505 2176 leguntur
541 2125 564 2178 ξ
600 2127 651 2165 14
686 2123 746 2168 ὅτι
781 2125 871 2167 τότε
912 2126 980 2178 μὲν
1016 2128 1156 2179 χιλίαις
1192 2131 1385 2179 δραχμαῖς
1418 2126 1615 2178 ἐζημίωσε
1644 2125 1708 2167 τὸν

160 2199 388 2255 βουλόμενον
417 2200 485 2252 τὴν
538 2199 728 2254 ἡμετέραν
756 2205 826 2255 γῆν
854 2205 1046 2255 δημοσίαν
1080 2207 1196 2255 ποιῆ
1209 2218 1309 2254 σαι,
1348 2206 1426 2244 νυνὶ
1462 2205 1507 2244 δὲ
1541 2203 1706 2244 κελεύων

160 2282 356 2330 δημεῦσαι
383 2282 559 2331 νενίκηκε
587 2278 665 2321 κτὲ.
697 2281 991 2321 coniciendum
1017 2283 1202 2331 videtur,
1237 2296 1333 2322 eum
1362 2283 1435 2334 qui
1462 2281 1708 2321 Poliochum

158 2357 231 2397 lite
271 2356 502 2410 παρανόμων
544 2358 705 2399 intenta
746 2360 789 2398 in
830 2359 1034 2400 iudicium
1075 2351 1276 2400 vocasset
1310 2360 1489 2400 suasisse
1524 2362 1572 2399 ut
1597 2359 1709 2399 bona

158 2436 339 2474 oratoris
368 2435 541 2485 publica
570 2436 778 2477 fierent.
834 2441 875 2477 et
902 2451 954 2479 ex
984 2451 1032 2477 eo
1062 2439 1253 2489 sequitur
1288 2442 1336 2477 ut
1363 2437 1587 2477 Poliochus
1626 2437 1708 2476 dis-

160 2513 339 2553 suaserit
367 2527 419 2553 ne
446 2513 559 2554 bona
586 2515 917 2565 publicarentur.
961 2529 1099 2567 neque
1127 2528 1228 2556 vero
1255 2515 1358 2555 haec
1378 2515 1448 2556 lex
1476 2515 1587 2555 iusto
1618 2515 1708 2554 iure

156 2591 256 2631 ferri
284 2594 464 2642 poterat,
492 2593 572 2630 nisi
593 2593 870 2633 Athenienses
892 2593 1199 2633 dubitaverunt
1217 2593 1357 2632 nescio
1380 2606 1506 2644 quam
1526 2593 1580 2632 ob
1609 2605 1709 2640 rem,

156 2674 299 2710 utrum
327 2670 440 2710 bona
467 2670 540 2709 illa
569 2684 620 2710 ex
647 2671 812 2724 legibus
834 2672 959 2712 certis
988 2676 1115 2724 atque
1140 2672 1243 2712 ratis
1271 2670 1530 2723 publicanda
1558 2674 1699 2711 essent

154 2761 206 2787 an
234 2759 310 2799 per
337 2747 449 2799 leges
480 2747 682 2799 quasdam
712 2762 797 2790 non
816 2750 978 2790 liceret.
1034 2750 1106 2801 qui
1145 2762 1274 2801 quum
1302 2749 1382 2788 hoc
1413 2748 1710 2797 deliberarent,

156 2826 380 2865 Poliochus
415 2825 496 2865 hoc
533 2826 689 2867 dixisse
723 2828 891 2868 videtur
926 2829 1040 2881 leges
1079 2828 1284 2879 quasdam
1328 2827 1450 2866 bonis
1490 2826 1710 2866 Eucrateis

156 2902 426 2955 publicandis
478 2904 679 2945 violatum
730 2905 793 2946 iri.
864 2906 936 2958 qui
990 2908 1129 2947 autem
1183 2904 1430 2946 Poliochum
1479 2892 1712 2956 παρανόμων
