1895 3322
963 135 1025 184 38

322 263 454 313 Quam
484 262 591 302 bene
619 262 798 303 maiores
828 264 881 305 de
909 264 1067 316 populo
1093 262 1237 303 ‘meriti
1266 266 1416 314 essent,
1451 267 1594 304 orator
1624 265 1771 306 docuit

216 342 563 393 enumeravitque
603 341 774 382 illorum
815 340 961 382 laudes
1007 339 1030 392 ξ
1065 342 1110 390 7,
1147 340 1221 381 ubi
1255 340 1359 381 haec
1396 340 1526 381 verba
1553 344 1767 394 λελειτουρ-

214 416 357 467 γηκόσι
385 415 576 458 κάλλιστα
609 418 713 457 mihi
753 417 977 458 offensioni
1014 421 1123 456 sunt.
1177 417 1385 457 vocabula
1424 418 1594 469 quidem
1622 432 1699 470 per
1726 431 1771 459 se

214 506 300 533 non
321 498 420 534 sunt
440 495 548 534 mira
576 509 728 547 „quam
750 495 1035 547 pulcherrime
1061 495 1308 535 muneribus
1335 494 1507 546 functi“,
1537 496 1611 536 sed
1637 510 1768 536 nexus

215 573 521 613 sententiarum
561 573 677 614 aliud
715 573 818 626 quid
856 573 1096 615 desiderare
1123 572 1306 613 videtur.
1360 586 1458 613 nam
1486 576 1630 615 orator
1658 586 1769 615 com-

216 654 424 691 memorat
454 655 559 703 quot
588 655 630 692 et
658 653 802 704 qualia
829 665 1004 692 munera
1037 652 1217 691 maiores
1254 651 1549 703 suscepissent,
1585 653 1768 705 vectiga-

215 729 271 768 lia
307 729 582 780 pependisse,
618 729 808 772 κάλλιστα
844 731 1200 782 λελειτουργηκέναι
1236 742 1373 780 neque
1411 728 1641 781 quidquam
1670 731 1769 770 alia·

213 821 308 846 rum
338 808 409 859 (sc.
439 808 715 860 reliquarum)
743 822 884 848 rerum
912 808 1160 861 neglexisse,
1191 820 1293 859 quas
1322 807 1435 858 ipsos
1464 807 1648 847 facturos
1678 821 1767 848 esse

214 885 362 924 civitas
392 888 603 935 sperasset
630 886 697 925 vel
724 887 867 936 potius
897 887 1105 935 iussisset,
1133 886 1208 925 sed
1236 885 1467 924 libentibus
1504 885 1653 924 animis
1692 890 1765 926 λει-

213 969 396 1013 τουργεῖν.
427 963 582 1002 mirum
611 966 675 1002 est
694 963 872 1003 verbum
900 966 1131 1014 λειτουργεῖν
1160 963 1224 1002 bis
1258 962 1465 1013 positum,
1501 975 1638 1013 neque
1667 963 1767 1002 alte-

210 1052 305 1078 rum
340 1041 456 1079 recte
484 1041 625 1090 potest
658 1038 820 1079 dictum
855 1053 956 1079 esse.
1012 1038 1186 1079 verbum
1222 1042 1452 1091 λειτουργεῖν
1487 1038 1597 1079 enim
1633 1039 1762 1092 signi-

212 1115 324 1165 fleat,
358 1129 534 1156 munera
568 1117 710 1155 omnia
741 1130 848 1168 quae
881 1117 1044 1156 civibus
1081 1116 1349 1167 suscipienda
1387 1117 1534 1157 civitas
1563 1120 1766 1169 proponit

214 1195 388 1234 solvere.
419 1194 470 1236 cf.
501 1194 582 1233 XII
613 1194 635 1245 ξ
664 1196 726 1243 20,
755 1195 875 1234 XXV
904 1196 927 1246 ξ
957 1196 1017 1244 12,
1046 1194 1125 1234 VII
1152 1194 1175 1246 ξ
1203 1196 1266 1235 31.
1323 1206 1374 1233 ex
1404 1195 1555 1245 quibus
1577 1200 1765 1252 apparet,

213 1273 390 1313 verbum
425 1277 656 1326 λειτουργεῖν
694 1274 814 1324 quasi
850 1272 1043 1312 absolute
1077 1271 1238 1311 dictum
1273 1284 1358 1311 non
1396 1284 1485 1312 esse
1521 1285 1544 1312 a
1575 1272 1763 1323 Graecis;

213 1363 351 1402 neque
383 1355 612 1404 λειτουργεῖν
642 1351 831 1392 κάλλιστα
861 1350 1094 1401 quidquam
1123 1349 1363 1401 significare
1397 1353 1540 1400 potest
1567 1351 1647 1390 nisi
1675 1365 1764 1390 mu-

211 1443 313 1469 nera
342 1443 469 1481 quam
495 1430 781 1481 pulcherrima
800 1429 948 1469 facere.
992 1441 1039 1467 ac
1068 1429 1210 1479 potius
1239 1427 1430 1469 offendor
1459 1430 1757 1471 coniunctione

213 1507 393 1549 duorum
423 1510 662 1559 verborum,
691 1521 871 1560 quorum
902 1507 1074 1547 alterius
1102 1505 1358 1558 significatio
1392 1506 1564 1547 alterius
1592 1507 1765 1547 notione

213 1589 467 1637 continetur,
497 1601 755 1638 quamquam
783 1586 891 1625 illud
918 1598 1002 1624 non
1030 1588 1200 1635 poterat
1227 1585 1494 1635 reprehendi,
1529 1586 1563 1623 si
1592 1586 1644 1623 ad
1673 1599 1764 1624 ver·

212 1665 313 1704 bum
342 1669 571 1716 λειτουργεῖν
600 1665 814 1705 obiectum
845 1664 1035 1715 quamvis
1071 1662 1283 1702 infinitum
1313 1663 1505 1703 additum
1542 1666 1661 1713 esset,
1696 1676 1763 1703 ve-

212 1742 292 1782 luti
321 1742 369 1783 τὰ
397 1740 506 1792 ἄλλα,
528 1742 692 1793 idquod
712 1755 763 1782 ex
784 1741 989 1792 exemplis
1011 1754 1138 1792 supra
1158 1741 1295 1781 allatis
1316 1741 1416 1781 satis
1446 1741 1593 1781 elucet.
1622 1741 1765 1791 itaque

212 1819 439 1861 Hamakeri
469 1821 796 1872 sententiamw)
827 1833 910 1859 non
939 1820 1088 1871 probo,
1124 1819 1197 1870 qui
1225 1818 1665 1871 λελειτουργηκόσι
1694 1819 1763 1859 de-

212 1898 348 1938 fendit
376 1902 419 1938 et
447 1900 729 1949 λειτουργοῦσιν
759 1898 1007 1937 mendosum
1036 1910 1125 1937 esse
1154 1897 1269 1937 dicit.
1312 1898 1604 1950 „liturgiarum
1641 1898 1764 1947 enim,

212 1976 355 2026 inquit
388 1976 471 2025 ille,
507 1989 635 2026 supra
672 1989 755 2014 una
791 1989 885 2014 cum
924 1975 1024 2015 belli
1063 1975 1262 2025 periculis
1299 1978 1341 2014 et
1375 1976 1577 2025 εἰσφοραῖς
1604 1975 1762 2014 mentio

212 2052 323 2092 facta
352 2056 424 2095 est.
482 2053 550 2093 hic
579 2057 723 2094 autem
754 2053 1019 2093 desideratur
1052 2053 1250 2102 verbum,
1289 2052 1403 2103 quod
1441 2054 1485 2091 in
1522 2052 1764 2091 universum

214 2131 266 2171 de
295 2132 490 2171 omnibus
519 2144 740 2171 munerum
761 2134 803 2171 et
830 2131 1068 2171 officiorum
1089 2130 1328 2183 generibus„
1357 2142 1464 2180 quae
1484 2130 1594 2169 cives
1623 2130 1761 2180 reipu—

210 2211 347 2251 blicae
375 2212 590 2261 praestare
620 2210 794 2259 soleant,
831 2223 963 2261 aeque
992 2208 1185 2249 adhiberi
1213 2208 1413 2259 potuerit.
1470 2211 1615 2248 orator
1651 2207 1762 2247 enim

211 2290 350 2330 verbis
379 2291 447 2330 καὶ
475 2290 548 2330 τῶν
578 2286 700 2329 ἄλλων
739 2285 897 2333 οὐδενός
1023 2287 1239 2338 προσέταξε
1277 2285 1417 2325 omnia
1454 2285 1763 2336 complectitur,

213 2382 322 2420 quae
355 2368 437 2408 illis
468 2381 551 2408 non
581 2368 900 2415 contineantur3
937 2366 1115 2406 fortasse
1143 2364 1369 2417 legendum
1399 2360 1652 2416 ὑπουργοῦσις
1687 2377 1759 2404 no-

209 2452 300 2488 tum
330 2445 502 2498 quidem
533 2449 596 2485 est
624 2448 854 2495 λειτουργεῖν
884 2444 1190 2495 etiamlatiore
1219 2457 1343 2484 sensu
1372 2444 1424 2484 ab
1445 2442 1600 2482 Atticis
1629 2442 1759 2493 scrip-

210 2525 374 2565 toribus
405 2523 614 2574 usurpari.
631 2524 691 2575 4¹)
719 2522 789 2561 hic
816 2525 956 2562 autem
986 2521 1098 2561 idem
1129 2521 1323 2583 obtinere
1348 2534 1434 2561 non
1462 2520 1601 2570 credo,
1631 2533 1760 2571 quum

210 2604 253 2642 in
290 2602 437 2642 eadem
484 2601 773 2641 enuntiatione
815 2600 957 2652 paullo
999 2602 1096 2640 ante
1137 2599 1311 2651 proprio
1354 2611 1476 2638 sensu
1512 2597 1680 2649 legatur
1720 2599 1762 2636 et

209 2694 360 2733 parum
396 2681 613 2733 eleganter
648 2680 759 2720 intra
788 2679 915 2720 breve
945 2679 1128 2729 spatium
1165 2678 1248 2717 alia
1282 2675 1593 2728 significatione
1621 2686 1761 2714 recur-

315 2892 378 2939 40)
407 2902 447 2940 p.
487 2890 545 2927 70.
579 2912 625 2918 —
654 2890 716 2939 41)
754 2888 952 2940 idemque
994 2888 1190 2928 concedit
1235 2887 1454 2928 Scheibius
1501 2886 1623 2926 Vind.
1666 2885 1759 2937 Lys.

208 2955 246 2994 p.
278 2942 378 2982 V111
406 2940 472 2993 (cf.
502 2941 597 2993 Lys.
627 2941 727 2980 XIX
756 2942 778 2993 ξ
808 2942 884 2993 59.)
