1895 3322
723 445 1098 536 VITA.

299 713 502 754 Aemilius
532 711 806 753 Godoholdus
837 711 991 752 Sachse
1019 714 1142 753 nat-us
1170 725 1262 752 sum
1289 725 1422 765 prope
1444 713 1497 753 ab
1526 712 1684 765 oppido

143 792 358 832 Meseritio
386 792 430 832 in
448 804 560 843 pago
579 789 824 842 provinciae
843 789 1150 840 Posnaniensis‚
1174 790 1247 842 qui
1266 793 1443 832 vocatur
1469 790 1686 841 Kainscht,

144 869 184 909 d.
203 869 274 909 XI.
293 868 403 921 Aug.
422 881 477 908 m.
496 881 520 908 a
539 868 579 910 h.
601 881 632 908 s.
653 867 721 918 LI,
739 870 861 919 patre
882 866 1136 918 Godofredo,
1162 871 1296 909 matre
1320 867 1485 908 Amalia
1512 881 1535 909 e
1561 854 1685 921 gente

142 945 414 995 Studentana,
449 944 567 984 cuius
603 947 782 984 mortem
815 944 969 984 abhinc
996 944 1214 983 biennium
1243 944 1511 985 vehementer
1541 946 1682 999 lugeo.

145 1022 293 1063 Fidem
320 1021 526 1074 profiteor
554 1021 849 1075 evangelicam.
902 1022 1044 1062 Prima
1077 1021 1295 1062 literarum
1329 1022 1534 1063 elementa
1561 1023 1684 1064 edoc-

143 1103 210 1141 tus
240 1114 264 1141 a
290 1102 412 1152 patre
437 1112 531 1140 meo
559 1099 820 1140 Meseritium
850 1112 885 1140 a.
914 1099 953 1140 h.
982 1113 1013 1140 s.
1048 1100 1167 1141 LXII
1194 1113 1261 1142 me
1289 1101 1461 1152 contuli,
1495 1101 1538 1141 in
1566 1101 1684 1142 cuius

146 1179 264 1219 urbis
294 1178 438 1219 schola
456 1177 698 1218 Hermanno
718 1176 889 1218 Loewio
917 1181 1081 1219 rectore
1100 1178 1156 1218 ad
1173 1178 1316 1219 literas
1345 1179 1530 1230 incubui,
1560 1178 1683 1232 Gym-

141 1256 305 1296 nasium
348 1269 399 1296 ex
438 1255 509 1295 illa
546 1255 689 1296 schola
725 1268 760 1296 a.
796 1256 835 1296 h.
864 1269 895 1299 s.
931 1256 1109 1297 LXVIII
1150 1254 1308 1297 factum
1348 1270 1425 1309 per
1467 1257 1683 1298 biennium

142 1335 385 1375 Hermanno
413 1334 554 1374 Poltio
581 1338 757 1384 rectore,
792 1324 1066 1386 praeceptore
1093 1335 1309 1375 carissimo
1343 1338 1471 1387 atque
1499 1333 1680 1377 dilectis-

141 1411 260 1461 simo,
288 1410 567 1462 frequentavi.
623 1409 786 1451 Deinde
814 1423 850 1451 a.
878 1411 918 1450 h.
946 1424 978 1453 S.
1008 1410 1125 1451 LXX
1158 1411 1414 1452 maturitatis
1443 1412 1682 1453 testimonio

141 1488 372 1528 instructus
414 1489 566 1528 almam
609 1488 928 1529 universitatem
966 1489 1184 1529 literarum
1223 1489 1384 1542 regiam
1424 1489 1684 1531 Fridericam

143 1566 393 1607 Guilelmam
420 1566 735 1608 Berolinensem
761 1567 859 1618 adii,
887 1571 934 1607 ut
960 1568 1004 1607 in
1030 1567 1162 1608 literis
1192 1570 1234 1609 et
1254 1567 1424 1609 Graecis
1453 1571 1494 1609 et
1520 1568 1683 1610 Latinis

140 1648 183 1685 et
210 1644 455 1685 Theodiscis
491 1645 796 1697 cognoscendis
824 1646 1031 1697 imprimis
1067 1645 1187 1697 quasi
1220 1645 1539 1687 tabernaculum
1573 1646 1685 1686 vitae

55 1716 58 1718 ’
139 1736 257 1764 meae
298 1723 561 1763 collocarem.
618 1723 761 1775 Atque
800 1724 862 1764 ibi
903 1737 979 1776 per
1019 1724 1174 1776 septies
1212 1737 1285 1765 sex
1327 1737 1489 1765 menses
1529 1724 1683 1765 scholis

144 1802 319 1842 interfui
337 1802 489 1842 horum
509 1801 719 1853 imprimis
740 1802 928 1842 virorum
948 1801 1295 1841 clarissimorum:
1324 1801 1518 1851 Bonitzii,
1538 1801 1684 1852 Curtii,

141 1880 338 1930 Dorncri‚
366 1880 587 1933 Droyseni,
614 1879 812 1930 Harmsii,
840 1879 1030 1931 Hauptii,
1048 1879 1276 1929 Huebneri,
1295 1878 1543 1930 Kirchhofii,
1570 1878 1683 1920 Klei-

140 1957 268 1998 nerti·
309 1957 574 2008 Mommseni‚
616 1956 924 2006 Muellenhofii,
959 1956 1191 2006 Semischii‚
1231 1956 1395 1996 Zelleri.
1464 1955 1685 1997 Seminarii

140 2034 394 2087 philologici
423 2047 500 2086 per
527 2038 593 2074 ter
621 2047 694 2074 sex
721 2047 883 2074 menses
912 2033 1066 2074 sodalis
1094 2033 1155 2073 fui
1184 2033 1440 2085 ordinarius3
1468 2037 1684 2085 praeterea

141 2112 394 2153 Huebnerus
431 2115 479 2153 ut
505 2111 797 2164 philologieis,
831 2110 1169 2151 Muellenhoffius
1206 2115 1252 2152 ut
1286 2111 1530 2152 Theodiscis
1565 2125 1682 2153 excr-

140 2190 415 2231 citationibus
451 2189 661 2239 adessem,
692 2188 874 2241 benigne
909 2189 1202 2240 permiserunt.
1259 2189 1418 2240 Quibus
1455 2190 1554 2230 viris
1591 2202 1677 2230 om-

139 2269 264 2310 nibus
294 2268 453 2320 optime
482 2267 534 2307 de
561 2280 627 2307 me
654 2266 816 2307 meritis
844 2280 1026 2307 summas
1054 2266 1128 2307 has
1157 2280 1237 2320 ago
1266 2268 1436 2321 gratias.
