1895 3322
910 121 971 169 35

96 261 117 278 Ι
176 264 270 291 cum
290 250 349 289 ita
377 250 473 299 sint,
497 249 682 289 Blassius
701 261 786 289 non
805 248 972 289 videtur
1000 247 1243 300 probandus
1273 247 1345 299 qui
1375 247 1628 297 Scheibium,
1657 251 1703 288 ut

186 325 380 376 equidem
410 324 572 375 opinor,
601 337 682 363 non
712 327 826 364 recte
852 323 1131 374 refutarit-³³⁷)

283 453 513 493 Eucratem
555 449 771 494 ἀπολέσθαι
806 450 900 502 ῢπὲρ
936 453 1006 502 τῆς
1040 449 1227 502 ὑμετέροις
1269 454 1462 503 σωτηρίας
1501 452 1718 502 πράττοντα

179 527 322 570 orator
364 529 487 579 dicit;
530 532 573 569 et
609 529 902 580 cognoscimus
944 540 1079 579 neque
1115 542 1138 568 a
1174 542 1255 580 quo
1294 525 1541 581 ἇπώλετοὸῒ)
1581 542 1716 581 neque

178 622 277 647 num
305 608 414 647 forte
440 608 531 658 ipse
559 607 640 645 sibi
667 610 846 645 mortem
876 606 1137 645 consciverit.
1168 619 1295 657 quum
1316 619 1414 646 vero
1436 607 1565 646 verba
1593 607 1714 658 προὶτ-

177 702 291 727 τοντα
319 682 414 738 ὑπὲρ
442 687 511 738 τῆς
537 682 727 736 ὑμετέρας
755 685 947 735 σωτηρίας
975 687 1017 724 et
1041 681 1258 726 ἀπολέσθαι
1286 685 1395 725 inter
1424 698 1466 724 se
1495 686 1718 725 coniuncta

180 763 278 814 sint,
309 762 549 816 significare
588 761 786 802 videntur
822 762 1048 802 Eucratem
1090 762 1306 803 obstitisse
1348 776 1430 814 quo
1468 763 1604 802 minus
1633 763 1717 803 foe-

180 841 257 879 dus
286 840 543 879 Theramene
570 844 741 879 auctore
770 853 865 879 cum
894 839 1237 879 Lacedaemoniis
1266 841 1472 888 iceretur,
1501 845 1629 890 atque
1664 839 1716 878 ab

177 916 452 968 optimatibus
479 919 674 957 necatum
704 915 877 967 esse(cf.
907 915 1001 967 Lys.
1031 915 1173 956 XVIII
1200 916 1222 969 ξ
1251 918 1312 956 24.
1340 916 1440 957 XIII
1470 917 1518 969 ἐξ
1550 918 1608 965 15,
1637 917 1720 967 17);

179 993 246 1032 cui
287 993 527 1043 explicandi
565 993 718 1032 rationi
753 996 963 1045 repugnat
999 992 1113 1043 quod
1148 993 1292 1045 Lysias
1321 995 1364 1032 in
1401 993 1590 1033 oratione
1619 993 1719 1032 XIII

177 1071 304 1110 duces
340 1070 516 1122 triginta
550 1070 651 1110 viris
688 1069 934 1110 florentibus
970 1070 1216 1110 interfectos
1253 1084 1341 1111 esse
1368 1071 1594 1110 memoriae
1622 1083 1718 1121 pro-

178 1147 301 1189 didit.
355 1160 491 1198 neque
518 1159 615 1187 vero
637 1146 782 1198 Lysias
810 1160 946 1205 neque
966 1146 1202 1198 Xenophon
1222 1148 1304 1187 iam
1333 1152 1428 1188 ante
1456 1148 1719 1201 tyrannidem

175 1226 290 1264 illam
310 1225 581 1265 constitutam
610 1226 659 1273 ei,
681 1225 752 1276 qui
774 1238 831 1274 ea,
854 1238 959 1276 quae
987 1226 1142 1265 vellent
1168 1226 1349 1276 tyranni,
1377 1225 1468 1266 fieri
1496 1238 1578 1265 non
1609 1226 1716 1264 sine-

180 1306 256 1351 ret,
284 1302 420 1353 palam
461 1315 606 1341 necem
646 1302 806 1341 illatam
848 1316 937 1342 esse
979 1302 1254 1342 tradiderunt.
1301 1303 1539 1342 occurritur
1580 1306 1718 1342 autem

181 1380 283 1419 mihi
319 1393 343 1418 a
380 1380 480 1419 viris
517 1379 651 1419 doctis
690 1379 929 1419 dicentibus
966 1378 1267 1429 Cleophontem
1303 1382 1400 1419 ante
1435 1379 1551 1418 illum
1581 1379 1717 1429 reipu-

179 1457 317 1497 blicae
346 1460 501 1497 statum
529 1455 796 1497 interfectum
826 1469 925 1496 esse.
981 1462 1128 1496 contra
1163 1470 1210 1496 ea
1236 1460 1374 1497 autem
1404 1457 1498 1496 dico
1528 1461 1568 1495 et
1604 1456 1719 1495 Cleo-

180 1535 383 1585 phontem
410 1534 558 1586 populi
586 1535 828 1586 principem*
850 1534 976 1575 fuisse
996 1539 1038 1575 et
1066 1538 1278 1574 mortuum
1309 1547 1409 1583 esse,
1439 1534 1551 1585 quod
1580 1530 1721 1584 ἀστρα-

179 1614 285 1658 τείας
317 1612 474 1651 iudicio
511 1612 734 1651 arcessitus
773 1616 880 1661 erat,
919 1626 1049 1663 quum
1078 1612 1204 1652 duces
1233 1611 1464 1663 oligarchia
1492 1611 1723 1649 constituta

180 1692 270 1729 tum
298 1688 465 1729 demum
483 1688 695 1730 interfecti
715 1693 863 1731 essent.
900 1694 942 1730 et
970 1688 1169 1741 quoniam
1197 1701 1247 1729 ex
1266 1688 1345 1729 hac
1365 1689 1555 1729 oratione
1582 1686 1723 1727 XVIII

183 1780 387 1818 apparere
408 1767 586 1817 videtur,
605 1768 831 1807 Eucratem
851 1771 947 1807 ante
967 1767 1142 1819 triginta
1163 1768 1349 1806 virorum
1369 1766 1593 1818 imperium
1613 1777 1721 1804 mor-

183 1849 268 1885 tem
297 1846 554 1895 occubuisse,
584 1859 837 1896 quamquam
874 1846 955 1885 hoc
993 1845 1118 1884 modo
1157 1846 1285 1885 verba
1320 1858 1404 1884 non
1440 1847 1619 1895 possunt
1654 1857 1721 1882 ex-

183 1923 344 1973 plicari,
378 1927 500 1973 putes
538 1924 580 1962 in
616 1924 841 1962 Eucratem
877 1923 1024 1962 eodem
1060 1922 1184 1961 modo
1222 1935 1303 1972 quo
1341 1922 1384 1960 in
1422 1920 1724 1971 Cleophontem

185 1999 523 2039 animadversum
553 2013 654 2049 esse,
682 1999 741 2039 ita
770 2004 816 2039 ut
846 2012 1098 2051 quamquam
1128 2000 1304 2051 triginta
1332 1998 1432 2038 viris
1453 2012 1498 2037 re
1525 2010 1623 2036 vera
1651 1996 1722 2034 ob-

185 2077 342 2126 stabat,
382 2079 547 2117 sceleris
586 2079 691 2117 alius
729 2082 948 2117 accusatus
983 2078 1050 2117 sit.
1108 2078 1142 2115 si
1176 2090 1274 2116 vero
1311 2076 1394 2115 tale
1431 2078 1651 2125 peccatum
1688 2071 1725 2112 οἱ

186 2154 410 2207 βουλόμενοι
438 2154 505 2208 τὴν
523 2143 752 2210 Γς’ὶλιῃάρχίαν
780 2154 1103 2206 καταστήσασθαι
1124 2154 1238 2207 (ΧΙΙΙ
1259 2154 1281 2206 ξ
1304 2154 1365 2206 12)
1393 2152 1624 2200 finxissent,
1651 2163 1724 2201 po—

188 2233 311 2283 pulus
342 2234 430 2273 sine
459 2234 543 2273 ulla
572 2234 835 2273 dubitatione
864 2247 956 2273 eum
986 2233 1245 2273 absolvisset.
1292 2231 1342 2270 cf.
1372 2231 1466 2281 Lys.
1495 2229 1597 2268 XIII
1626 2228 1648 2280 ξ
1678 2228 1727 2266 36

187 2313 220 2351 εί
247 2306 386 2363 μὲνοῦν
407 2313 444 2352 ἐν
464 2314 520 2365 τῷ
547 2314 787 2364 δικαστηρίῳ
815 2314 1025 2363 ἐκρίνοντο,
1055 2311 1196 2365 ῥαδίως
1224 2306 1268 2352 ἂν
1297 2308 1494 2356 ἐσώζοντο.
1551 2307 1727 2346 forsitan

187 2389 396 2440 quispiam
425 2403 472 2429 ea
500 2390 593 2441 ipsa
619 2390 749 2430 verba
777 2390 968 2437 attulerit
1004 2389 1222 2438 dixeritve,
1255 2387 1531 2439 optimatibus
1561 2385 1727 2425 licuisse

186 2466 299 2517 apud
328 2470 517 2506 senatum
546 2466 747 2507 iudicium
782 2467 978 2508 Eucratis
1009 2467 1182 2507 deferre.
1236 2466 1315 2506 hoc
1352 2463 1443 2505 fieri
1471 2462 1623 2514 potuit,
1653 2460 1726 2501 sed

187 2557 238 2583 ex
258 2544 329 2584 illo
351 2546 566 2585 enuntiato
584 2559 668 2585 non
688 2547 834 2595 clucet,
853 2548 1078 2587 Eucratem
1100 2560 1225 2586 causa
1245 2549 1340 2584 aeta
1359 2556 1600 2593 supremum
1618 2541 1728 2579 diem

187 2621 355 2662 obiisse.
409 2622 538 2662 verba
574 2623 704 2675 igitur
740 2623 916 2676 Lysiaea
954 2624 1059 2663 nihil
1096 2623 1210 2662 aliud
1247 2620 1485 2674 significare
1520 2619 1729 2666 videntur,

187 2701 268 2739 nisi
309 2701 538 2741 Eucratem
568 2714 697 2751 quum
740 2715 817 2752 pro
859 2701 1078 2751 republica
1117 2713 1205 2740 rem
1246 2702 1412 2752 gereret
1454 2700 1551 2735 ante
1588 2695 1728 2733 diruta

185 2779 351 2818 moenia
378 2783 591 2819 mortuum
618 2793 719 2819 esse.
776 2793 859 2830 qua
887 2794 982 2820 cum
1010 2779 1218 2819 sententia
1251 2789 1336 2816 non
1372 2774 1579 2822 convenit,
1611 2771 1725 2825 quod

298 2911 357 2963 37)
384 2923 425 2962 p.
453 2911 540 2959 523,
569 2923 608 2950 n.
636 2911 674 2951 4.
