1895 3322
918 130 977 177 11

292 256 356 296 Ac
386 257 583 308 quoniam
610 257 654 296 hi
682 256 762 296 viri
792 255 907 296 docti
943 257 965 310 ξ
994 257 1044 295 14
1070 256 1141 306 ita,
1179 257 1226 295 ut
1254 257 1431 307 exposui
1459 254 1725 310 paragrapho

129 351 134 354 ·
184 336 331 387 prima,
359 337 627 395 interpretati
646 339 755 384 sunt,
782 348 867 374 non
886 335 1009 374 valde
1037 348 1175 376 errare
1202 337 1410 384 videntur,
1432 335 1546 385 quod
1574 335 1727 383 putant

183 413 265 452 illis
294 411 433 452 verbis
461 412 691 465 παρανόμων
719 411 929 465 φεύγοντος
956 414 1023 453 τοῦ
1054 410 1172 455 αὐτοῦ
1209 409 1346 466 ἀνδρός
1380 411 1470 453 fieri
1498 414 1545 452 ut
1573 408 1725 450 oratio-

188 491 251 529 nis
279 493 571 542 argumentum
599 502 684 529 non
712 490 993 541 intellegatur.

290 620 438 670 Itaque
474 619 732 659 Hamakerus
772 633 819 660 ea
852 620 983 660 verba
1012 620 1067 660 de
1096 621 1248 672 quibus
1282 633 1393 660 nunc
1422 617 1729 670 disputavimus

189 697 365 737 delenda
406 710 495 736 esse
540 698 703 738 censuit
749 711 927 749 eumque
962 698 1152 738 laudavit
1185 698 1285 737 olim
1328 696 1620 745 Scheibius,⁹)
1664 694 1732 734 cui

189 776 270 814 hoc
300 774 425 814 modo
455 774 584 814 verba
611 775 863 826 interposita
900 775 1116 816 videntur:
1154 775 1278 827 „quia
1306 778 1380 815 aut
1406 773 1655 813 Poliochus“
1684 795 1733 802 —-

189 854 271 892 hoc
301 853 471 904 quidem
498 866 584 893 non
611 856 724 893 recte
753 853 914 893 dictum
942 854 1108 894 videtur
1136 877 1186 883 -—
1215 856 1313 903 „aut
1341 853 1447 892 alius
1477 851 1570 903 quis
1594 851 1639 890 in
1666 863 1732 889 su-

189 930 427 979 perioribus
455 930 678 970 dicebatur
704 931 818 970 mille
851 931 1061 970 drachmis
1094 932 1297 971 multatus
1330 943 1419 970 esse
1445 942 1576 981 eaque
1602 928 1735 967 multa

191 1007 372 1060 irrogari
407 1007 570 1048 solebat
606 1008 676 1058 iis,
714 1009 785 1060 qui
815 1021 938 1049 causa
965 1009 1197 1062 rumpentium
1233 1008 1499 1058 cecidissent,
1526 1007 1733 1058 interpres
1760 1011 1763 1013 “

190 1084 343 1137 aliquis
370 1086 452 1126 hoc
479 1085 571 1126 loco
602 1087 670 1140 agi
691 1087 743 1127 de
773 1086 916 1128 eadem
946 1100 1071 1127 causa
1106 1088 1301 1139 opinatus
1335 1087 1416 1127 ista
1452 1086 1580 1126 verba
1607 1085 1733 1125 inter·

191 1164 380 1214 posuisse
408 1164 609 1204 videtur.“
663 1179 761 1206 sane
788 1179 873 1205 non
903 1169 1042 1217 potest
1078 1166 1235 1218 negari,
1262 1165 1401 1205 verbis
1430 1163 1577 1203 deletis
1607 1161 1733 1202 offen·

192 1242 351 1282 sionem
372 1242 486 1281 illam
514 1242 619 1282 tolli.
666 1243 738 1283 sed
774 1244 889 1283 aliud
916 1244 1126 1294 reliquum
1154 1247 1218 1283 est
1247 1256 1329 1294 quo
1351 1241 1551 1282 offendor.
1581 1232 1583 1235 ”
1606 1253 1735 1291 quum

193 1319 304 1359 enim
323 1323 446 1359 antea
465 1319 572 1359 filios
593 1320 788 1361 Eucratis
808 1320 962 1362 fovisse
980 1321 1206 1370 videretur,
1226 1324 1315 1360 tum
1334 1318 1557 1360 Poliochus
1584 1329 1736 1357 nocere

193 1397 243 1436 iis
273 1400 446 1437 conatus
476 1400 549 1447 est,
578 1402 636 1449 ut,
666 1402 869 1449 quantum
897 1399 940 1439 in
969 1400 1072 1439 urbe
1106 1400 1264 1440 valeret
1300 1398 1564 1447 auctoritato,
1593 1409 1735 1436 omnes

196 1479 238 1516 et
265 1476 384 1534 cives·
405 1479 446 1516 et
473 1477 717 1530 peregrinos
746 1477 916 1519 doceret
946 1478 968 1533 3
998 1479 1058 1518 13.
1098 1491 1222 1530 quam
1251 1477 1305 1518 ob
1335 1489 1422 1516 rem
1452 1476 1485 1515 si
1515 1474 1736 1515 Poliochus

196 1554 317 1594 aliter
337 1557 463 1606 atque
492 1556 779 1606 superioribus
800 1557 1062 1608 temporibus
1084 1556 1135 1596 de
1156 1556 1301 1596 eadem
1322 1569 1367 1595 re
1383 1555 1524 1603 sensit,
1552 1553 1737 1593 arbitror

197 1634 355 1672 oratori
392 1646 476 1672 non
511 1633 637 1673 licere
671 1633 751 1672 hoc
787 1634 921 1673 solum
950 1635 1110 1685 dicere,
1146 1634 1219 1674 sed
1256 1647 1385 1685 quum
1420 1632 1664 1672 Poliochum
1695 1644 1739 1670 se

197 1710 337 1750 officio
371 1711 647 1751 obstrinxisse
675 1712 839 1762 opinari
867 1709 1058 1762 deberet,
1103 1713 1208 1751 aliae
1236 1725 1300 1751 res
1336 1714 1463 1761 atque
1491 1710 1513 1762 ξ
1544 1710 1591 1748 13
1628 1722 1737 1748 com·

198 1791 452 1828 memoratae
480 1786 761 1840 (ἡγούμενος...
792 1788 965 1841 δύναται)
995 1788 1228 1829 afferendae
1257 1792 1387 1838 erant,
1424 1787 1575 1839 quibus
1604 1789 1738 1826 muta-

198 1865 257 1904 tio
287 1865 414 1904 animi
447 1866 773 1919 intellegeretur.
816 1867 1022 1907 eiusmodi
1057 1881 1122 1907 res
1151 1871 1290 1907 autem
1328 1870 1472 1906 orator
1500 1878 1584 1905 non
1611 1864 1738 1904 modo

200 1956 284 1982 non
312 1944 466 1993 attulit,
494 1945 566 1985 sed
588 1946 714 1984 etiam
735 1946 981 1985 Poliochum
1002 1946 1224 1997 increpuit,
1254 1945 1365 1996 quod
1395 1943 1590 1983 suaderet
1618 1946 1664 1982 ut
1692 1955 1740 1982 ea

199 2020 358 2069 fierent,
389 2035 494 2070 quae
529 2022 686 2073 populo
715 2023 841 2061 noxia
870 2027 1008 2062 essent
1036 2023 1073 2075 (ξ
1103 2025 1166 2075 16)
1195 2028 1322 2073 atque
1350 2020 1497 2067 ἀδίκως
1525 2022 1636 2060 bona
1664 2034 1738 2071 pu-

200 2098 477 2149 blicare-ntur,
519 2099 556 2152 (ξ
588 2101 649 2152 17)
687 2104 728 2140 et
757 2114 885 2151 quum
929 2101 973 2139 in
1007 2101 1111 2141 urbe
1147 2101 1323 2152 triginta
1358 2100 1457 2139 viris
1494 2098 1741 2138 florentibus

199 2176 465 2215 remansisset
493 2190 627 2228 neque
656 2179 886 2230 quidquam
915 2178 1044 2218 studii
1071 2178 1114 2217 in
1142 2179 1346 2230 populum
1377 2177 1634 2227 contulisset,
1663 2177 1741 2216 cri-

201 2255 383 2294 minibus
419 2256 527 2295 fictis
557 2270 701 2296 auram
741 2258 989 2308 popularem
1024 2257 1240 2298 affectaret
1276 2257 1412 2308 (§19).
1448 2259 1490 2295 et
1525 2269 1653 2305 quum
1689 2267 1742 2294 cx

201 2332 292 2371 aliis
322 2332 584 2374 orationibus
622 2334 769 2375 codem
809 2339 999 2387 tempore
1032 2334 1188 2375 habitis
1216 2347 1300 2374 non
1328 2334 1580 2385 ignoremus,
1617 2345 1744 2384 quani

201 2412 341 2462 pravis
369 2412 526 2451 fuerint
545 2413 694 2452 animis
722 2415 765 2452 in
793 2413 903 2452 cives
933 2413 975 2462 ii,
1004 2413 1076 2464 qui
1104 2424 1199 2452 cum
1227 2412 1403 2463 triginta
1431 2411 1531 2451 viris
1560 2410 1745 2450 amicitia

201 2490 414 2530 coniuncti
434 2490 611 2540 fuerant,
631 2491 782 2542 opinor
801 2490 1048 2531 Poliochum
1076 2494 1117 2530 et
1144 2504 1191 2530 eo
1220 2491 1358 2529 animo
1379 2503 1468 2529 esse
1496 2502 1630 2539 posse,
1660 2501 1742 2539 quo

202 2581 298 2606 eum
334 2567 461 2607 fuisse
500 2572 643 2608 orator
678 2558 786 2609 dicit
818 2572 860 2608 ct
886 2568 1028 2620 paullo
1057 2571 1154 2619 post
1188 2567 1372 2607 reditum
1399 2567 1569 2607 exulum
1601 2578 1745 2606 auram

204 2647 452 2698 popularem
480 2646 694 2688 affectasse
729 2648 779 2687 iis
807 2647 932 2687 rebus
969 2647 1098 2699 gestis
1119 2660 1230 2698 quas
1260 2650 1402 2687 orator
1438 2646 1460 2700 ξ
1490 2648 1538 2686 19
1567 2658 1745 2686 comme-

204 2728 358 2766 morat:
390 2727 426 2767 οἳ
453 2727 490 2767 ἐν
519 2724 630 2768 ἄστει
658 2729 854 2779 μείναντες
881 2725 1023 2778 ταύτην
1052 2724 1141 2779 ὑμῖν
1170 2729 1314 2768 οἴονται
1343 2725 1493 2769 διδόναι
1521 2727 1649 2767 πίστιν
1679 2728 1749 2778 τῆς

305 2921 347 2975 Ὦ)
376 2936 415 2973 p.
446 2925 506 2962 91.
