1895 3322
905 144 968 190 49

175 272 322 308 contra
363 282 489 321 quam
527 271 779 325 ‘sententiam
817 256 931 310 recte
973 271 1138 311 monuit
1177 271 1456 323 Blassius⁵¹),
1496 272 1537 310 in
1584 270 1707 310 initio

174 346 374 387 orationis
410 347 654 400 ἐνθυμῆὕητε
687 349 809 389 τοίνυν
844 348 940 401 legi.
987 351 1205 400 praeterea
1233 349 1419 388 animum
1447 348 1703 388 adverterim

178 424 291 475 quod
329 437 457 476 supra
491 425 592 476 dixi,
626 425 814 465 codicem
848 425 1084 465 Palatinum
1120 426 1179 466 ita
1207 429 1495 477 comparatum
1524 438 1633 465 essse
1662 429 1710 465 ut

174 500 454 552 primordium
480 501 602 542 huius
631 503 831 543 orationis
859 515 943 543 non
980 506 1189 543 servatum
1219 516 1306 543 esse
1340 502 1567 542 videretur.
1621 488 1710 542 sine

181 578 265 618 nlla-
306 560 445 619 autem
486 579 749 620 dubitatione
789 583 903 620 recte
943 580 1195 630 iudicarunt,
1234 567 1305 631 qui
1335 580 1567 620 orationem
1602 579 1711 618 hanc

182 655 373 695 mutilam
402 668 492 697 esse
521 655 802 697 crediderunt.
856 660 982 709 atque
1011 657 1179 697 Dobreo
1210 656 1379 709 quidem
1408 655 1712 709 „fragmentum

180 734 611 783 praestantissimum‘⁵
658 748 746 774 esse
791 736 928 776 visum
978 739 1052 775 est.
1111 734 1190 773 hoc
1239 737 1378 774 autem
1425 736 1632 785 negarunt
1672 736 1714 771 et

188 809 547 864 Franckenius⁵²)
582 815 625 852 et
657 810 928 866 Blassius⁵³).
993 811 1280 852 Franckenius
1324 811 1432 851 enim
1469 810 1547 850 hoc
1588 809 1712 849 dixit:

180 900 288 937 „non
318 888 426 927 mala
453 891 516 928 est
542 888 696 938 oratio,
723 889 794 928 vix
822 892 963 929 tamen
991 889 1140 941 digna,
1169 900 1330 939 quaela
1356 887 1536 936 Dobre0,
1566 887 1712 926 verbo·

185 978 278 1016 rum
308 964 552 1016 ceteroquin
572 977 713 1016 parco,
745 964 910 1005 dicatur
939 965 1369 1016 „praestantissimum
1398 964 1714 1017 fragmentum“.

193 1054 276 1081 non
302 1054 498 1095 magnam
516 1041 644 1082 habet
668 1042 920 1082 inventionis
948 1055 1084 1095 neque
1103 1042 1391 1093 dispositionis
1420 1041 1597 1081 laudem.
1626 1044 1715 1080 tum

183 1115 482 1160 etiam'eadem
510 1120 718 1160 sententia
752 1120 916 1171 saepius
952 1121 1174 1172 repetitur,
1211 1120 1324 1172 quod
1359 1120 1595 1160 mirandum
1632 1131 1714 1159 non

182 1200 245 1237 est
280 1196 324 1236 in
363 1196 550 1237 iudicum
578 1196 833 1248 exoratione,
863 1212 945 1249 qua
979 1199 1214 1239 absumitur
1247 1201 1337 1239 tota
1371 1198 1505 1238 oratio
1540 1198 1578 1250 (ξ
1609 1198 1630 1237 1
1666 1196 1715 1236 cf.

183 1274 232 1327 ἐξ
261 1276 322 1324 21,
351 1276 431 1322 24).
477 1287 574 1314 113111
602 1275 754 1314 similia
782 1275 825 1315 in
852 1276 974 1316 huius
1003 1276 1117 1316 modi
1138 1279 1385 1329 argumento
1415 1275 1528 1326 apud
1556 1278 1715 1314 veteres

182 1352 310 1404 vulgo
340 1353 622 1393 inveniuntur.
651 1367 726 1404 per
754 1367 797 1393 se
826 1358 965 1394 tamen
993 1355 1078 1393 tale
1107 1353 1208 1404 quid
1236 1354 1341 1393 nihil
1369 1354 1562 1404 pulcrum
1590 1352 1718 1391 habet

183 1443 259 1469 nec
305 1430 418 1481 quod
465 1443 723 1483 magnopere
769 1431 985 1472 admirere.
1048 1434 1188 1483 potest
1234 1430 1368 1471 oratio
1416 1430 1521 1470 benc
1568 1442 1717 1481 graece

186 1508 346 1559 scripta
373 1510 416 1547 et
442 1508 573 1548 nihilo
602 1509 739 1549 minus
768 1510 907 1549 ieiuna
935 1513 1059 1550 esse.“
1112 1510 1191 1549 hoc
1220 1509 1262 1549 in
1297 1509 1536 1548 universum
1566 1506 1716 1557 proba·

185 1587 246 1626 vit
274 1586 461 1627 Blassius
489 1586 778 1639 iudicavitque
799 1601 928 1639 quum
956 1588 1069 1639 quod
1090 1587 1267 1627 dicimus
1295 1586 1421 1633 πάὲτος
1450 1587 1492 1625 111
1520 1586 1597 1625 1136
1627 1598 1717 1624 ora-

190 1664 306 1704 tione
335 1665 674 1716 appertissimum
704 1666 760 1705 sit
789 1679 1000 1716 quumque
1027 1665 1108 1704 hoc
1135 1665 1301 1705 dicendi
1321 1678 1475 1717 genere
1501 1677 1585 1703 non
1612 1663 1720 1703 bene

185 1741 330 1792 Lysias
361 1743 422 1780 uti
450 1742 599 1790 soleat,
634 1743 866 1781 orationem
901 1756 984 1781 non
1019 1743 1248 1793 perfectam
1283 1756 1370 1782 esse
1399 1746 1524 1792 atque
1553 1741 1717 1780 absolu-

182 1821 266 1858 tam
304 1831 436 1869 eaque
470 1818 522 1858 de
556 1831 680 1859 eausa
714 1819 805 1859 aliis
840 1820 1101 1860 orationibus
1139 1820 1378 1861 inferiorem
1423 1833 1528 1859 esse.
1591 1821 1719 1869 atque

183 1896 263 1935 1106
293 1896 486 1947 equidem
515 1896 639 1936 laudo
667 1901 709 1936 et
736 1897 843 1947 dico,
879 1898 1111 1937 orationem
1139 1898 1245 1937 hanc
1281 1911 1305 1936 a
1333 1898 1459 1949 Lysia
1494 1910 1579 1936 non
1607 1909 1717 1935 essse

185 1974 398 2025 scriptam,
426 1974 560 2025 qualis
588 1975 632 2013 in
667 1975 858 2015 manibus
895 1980 968 2026 est,
1001 1976 1076 2016 sed
1111 1977 1164 2016 ab
1193 1977 1274 2016 alio
1305 1976 1533 2029 genuinam
1566 1974 1718 2014 oratio-

183 2066 277 2092 nem
307 2053 459 2092 iterum
486 2056 709 2094 tractatam
738 2068 873 2106 neque
902 2058 1097 2095 accurate
1124 2054 1277 2095 factam
1306 2068 1406 2095 esse.
1464 2067 1717 2106 quamquam

184 2143 268 2169 non
289 2143 459 2181 possum
479 2130 705 2181 diudicare,
726 2131 892 2183 quando
913 2132 994 2172 hoc
1022 2132 1180 2173 factum
1208 2134 1275 2183 sit,
1314 2137 1453 2173 tamen
1481 2137 1578 2184 post
1605 2137 1721 2185 aeta-

191 2213 276 2249 tem
309 2208 455 2249 Galeni
475 2212 565 2248 tum
596 2209 762 2249 demum
791 2214 953 2251 mutata
981 2224 1070 2252 esse
1089 2211 1268 2261 videtur,
1304 2212 1512 2251 cuiveiam
1542 2211 1716 2262 inscrip-

191 2288 349 2327 tionem
378 2289 593 2338 acceptam
622 2287 851 2328 referimus.

295 2458 357 2507 01)
385 2469 425 2507 p.
455 2458 544 2497 521.
572 2470 610 2495 n.
639 2458 675 2494 4.
705 2479 753 2486 -
786 2458 845 2508 ⁵2)
874 2470 913 2507 p.
943 2459 1029 2496 129.
1059 2480 1108 2486 —
1139 2459 1198 2509 53)
1227 2470 1266 2508 p.
1297 2459 1383 2497 529.
